%YAML 1.1
%TAG !u! tag:unity3d.com,2011:
--- !u!1 &130613870656142897
GameObject:
  m_ObjectHideFlags: 0
  m_CorrespondingSourceObject: {fileID: 0}
  m_PrefabInstance: {fileID: 0}
  m_PrefabAsset: {fileID: 0}
  serializedVersion: 6
  m_Component:
  - component: {fileID: 3796194775177018141}
  - component: {fileID: 8181845772406241879}
  - component: {fileID: 3853472960467258076}
  m_Layer: 8
  m_Name: AVProHQ Stereo Center
  m_TagString: Untagged
  m_Icon: {fileID: 0}
  m_NavMeshLayer: 0
  m_StaticEditorFlags: 0
  m_IsActive: 1
--- !u!4 &3796194775177018141
Transform:
  m_ObjectHideFlags: 0
  m_CorrespondingSourceObject: {fileID: 0}
  m_PrefabInstance: {fileID: 0}
  m_PrefabAsset: {fileID: 0}
  m_GameObject: {fileID: 130613870656142897}
  serializedVersion: 2
  m_LocalRotation: {x: -0, y: -0, z: -0, w: 1}
  m_LocalPosition: {x: 0, y: 1, z: 0}
  m_LocalScale: {x: 1, y: 1, z: 1}
  m_ConstrainProportionsScale: 0
  m_Children: []
  m_Father: {fileID: 439952705267208362}
  m_LocalEulerAnglesHint: {x: 0, y: 0, z: 0}
--- !u!114 &8181845772406241879
MonoBehaviour:
  m_ObjectHideFlags: 0
  m_CorrespondingSourceObject: {fileID: 0}
  m_PrefabInstance: {fileID: 0}
  m_PrefabAsset: {fileID: 0}
  m_GameObject: {fileID: 130613870656142897}
  m_Enabled: 1
  m_EditorHideFlags: 0
  m_Script: {fileID: 1361866905, guid: 661092b4961be7145bfbe56e1e62337b, type: 3}
  m_Name: 
  m_EditorClassIdentifier: 
  videoPlayer: {fileID: 646947441220242886}
  mode: 3
--- !u!82 &3853472960467258076
AudioSource:
  m_ObjectHideFlags: 0
  m_CorrespondingSourceObject: {fileID: 0}
  m_PrefabInstance: {fileID: 0}
  m_PrefabAsset: {fileID: 0}
  m_GameObject: {fileID: 130613870656142897}
  m_Enabled: 1
  serializedVersion: 4
  OutputAudioMixerGroup: {fileID: 0}
  m_audioClip: {fileID: 0}
  m_PlayOnAwake: 1
  m_Volume: 1
  m_Pitch: 1
  Loop: 0
  Mute: 0
  Spatialize: 0
  SpatializePostEffects: 0
  Priority: 128
  DopplerLevel: 0
  MinDistance: 0.4734173
  MaxDistance: 6.5
  Pan2D: 0
  rolloffMode: 2
  BypassEffects: 0
  BypassListenerEffects: 0
  BypassReverbZones: 0
  rolloffCustomCurve:
    serializedVersion: 2
    m_Curve:
    - serializedVersion: 3
      time: 0
      value: 1
      inSlope: 0
      outSlope: 0
      tangentMode: 0
      weightedMode: 0
      inWeight: 0.33333334
      outWeight: 0.33333334
    - serializedVersion: 3
      time: 0.69646186
      value: 0.49618387
      inSlope: -2.0728443
      outSlope: -2.0728443
      tangentMode: 0
      weightedMode: 0
      inWeight: 0.041733496
      outWeight: 0.17920901
    - serializedVersion: 3
      time: 0.85173845
      value: 0.10109827
      inSlope: -1.4955534
      outSlope: -1.4955534
      tangentMode: 0
      weightedMode: 0
      inWeight: 0.56713176
      outWeight: 0.5719908
    - serializedVersion: 3
      time: 1
      value: 0
      inSlope: -0.27076796
      outSlope: -0.27076796
      tangentMode: 0
      weightedMode: 0
      inWeight: 0.56083983
      outWeight: 0.33333334
    m_PreInfinity: 2
    m_PostInfinity: 2
    m_RotationOrder: 4
  panLevelCustomCurve:
    serializedVersion: 2
    m_Curve:
    - serializedVersion: 3
      time: 0
      value: 0
      inSlope: 0
      outSlope: 0
      tangentMode: 0
      weightedMode: 0
      inWeight: 0.33333334
      outWeight: 0.33333334
    m_PreInfinity: 2
    m_PostInfinity: 2
    m_RotationOrder: 4
  spreadCustomCurve:
    serializedVersion: 2
    m_Curve:
    - serializedVersion: 3
      time: 0
      value: 1
      inSlope: 0
      outSlope: 0
      tangentMode: 0
      weightedMode: 0
      inWeight: 0.33333334
      outWeight: 0.33333334
    m_PreInfinity: 2
    m_PostInfinity: 2
    m_RotationOrder: 4
  reverbZoneMixCustomCurve:
    serializedVersion: 2
    m_Curve:
    - serializedVersion: 3
      time: 0
      value: 0.5
      inSlope: 0
      outSlope: 0
      tangentMode: 0
      weightedMode: 0
      inWeight: 0.33333334
      outWeight: 0.33333334
    m_PreInfinity: 2
    m_PostInfinity: 2
    m_RotationOrder: 4
--- !u!1 &133801824500967831
GameObject:
  m_ObjectHideFlags: 0
  m_CorrespondingSourceObject: {fileID: 0}
  m_PrefabInstance: {fileID: 0}
  m_PrefabAsset: {fileID: 0}
  serializedVersion: 6
  m_Component:
  - component: {fileID: 7249597626346865315}
  - component: {fileID: 2971116361624862227}
  m_Layer: 8
  m_Name: UnityVideo Stereo
  m_TagString: Untagged
  m_Icon: {fileID: 0}
  m_NavMeshLayer: 0
  m_StaticEditorFlags: 0
  m_IsActive: 1
--- !u!4 &7249597626346865315
Transform:
  m_ObjectHideFlags: 0
  m_CorrespondingSourceObject: {fileID: 0}
  m_PrefabInstance: {fileID: 0}
  m_PrefabAsset: {fileID: 0}
  m_GameObject: {fileID: 133801824500967831}
  serializedVersion: 2
  m_LocalRotation: {x: -0, y: -0, z: -0, w: 1}
  m_LocalPosition: {x: 0.037, y: 1, z: 0}
  m_LocalScale: {x: 1, y: 1, z: 1}
  m_ConstrainProportionsScale: 0
  m_Children: []
  m_Father: {fileID: 439952705267208362}
  m_LocalEulerAnglesHint: {x: 0, y: 0, z: 0}
--- !u!82 &2971116361624862227
AudioSource:
  m_ObjectHideFlags: 0
  m_CorrespondingSourceObject: {fileID: 0}
  m_PrefabInstance: {fileID: 0}
  m_PrefabAsset: {fileID: 0}
  m_GameObject: {fileID: 133801824500967831}
  m_Enabled: 1
  serializedVersion: 4
  OutputAudioMixerGroup: {fileID: 0}
  m_audioClip: {fileID: 0}
  m_PlayOnAwake: 1
  m_Volume: 1
  m_Pitch: 1
  Loop: 0
  Mute: 0
  Spatialize: 0
  SpatializePostEffects: 0
  Priority: 128
  DopplerLevel: 0
  MinDistance: 0.4734173
  MaxDistance: 6.5
  Pan2D: 0
  rolloffMode: 2
  BypassEffects: 0
  BypassListenerEffects: 0
  BypassReverbZones: 0
  rolloffCustomCurve:
    serializedVersion: 2
    m_Curve:
    - serializedVersion: 3
      time: 0
      value: 1
      inSlope: 0
      outSlope: 0
      tangentMode: 0
      weightedMode: 0
      inWeight: 0.33333334
      outWeight: 0.33333334
    - serializedVersion: 3
      time: 0.69646186
      value: 0.49618387
      inSlope: -2.0728443
      outSlope: -2.0728443
      tangentMode: 0
      weightedMode: 0
      inWeight: 0.041733496
      outWeight: 0.17920901
    - serializedVersion: 3
      time: 0.85173845
      value: 0.10109827
      inSlope: -1.4955534
      outSlope: -1.4955534
      tangentMode: 0
      weightedMode: 0
      inWeight: 0.56713176
      outWeight: 0.5719908
    - serializedVersion: 3
      time: 1
      value: 0
      inSlope: -0.27076796
      outSlope: -0.27076796
      tangentMode: 0
      weightedMode: 0
      inWeight: 0.56083983
      outWeight: 0.33333334
    m_PreInfinity: 2
    m_PostInfinity: 2
    m_RotationOrder: 4
  panLevelCustomCurve:
    serializedVersion: 2
    m_Curve:
    - serializedVersion: 3
      time: 0
      value: 0
      inSlope: 0
      outSlope: 0
      tangentMode: 0
      weightedMode: 0
      inWeight: 0.33333334
      outWeight: 0.33333334
    m_PreInfinity: 2
    m_PostInfinity: 2
    m_RotationOrder: 4
  spreadCustomCurve:
    serializedVersion: 2
    m_Curve:
    - serializedVersion: 3
      time: 0
      value: 1
      inSlope: 0
      outSlope: 0
      tangentMode: 0
      weightedMode: 0
      inWeight: 0.33333334
      outWeight: 0.33333334
    m_PreInfinity: 2
    m_PostInfinity: 2
    m_RotationOrder: 4
  reverbZoneMixCustomCurve:
    serializedVersion: 2
    m_Curve:
    - serializedVersion: 3
      time: 0
      value: 0.5
      inSlope: 0
      outSlope: 0
      tangentMode: 0
      weightedMode: 0
      inWeight: 0.33333334
      outWeight: 0.33333334
    m_PreInfinity: 2
    m_PostInfinity: 2
    m_RotationOrder: 4
--- !u!1 &646947440622140127
GameObject:
  m_ObjectHideFlags: 0
  m_CorrespondingSourceObject: {fileID: 0}
  m_PrefabInstance: {fileID: 0}
  m_PrefabAsset: {fileID: 0}
  serializedVersion: 6
  m_Component:
  - component: {fileID: 646947440622140124}
  - component: {fileID: 8203375018157316966}
  - component: {fileID: 4616864828385589244}
  m_Layer: 8
  m_Name: Simple (ProTV, Cyber Red)
  m_TagString: Untagged
  m_Icon: {fileID: 0}
  m_NavMeshLayer: 0
  m_StaticEditorFlags: 0
  m_IsActive: 1
--- !u!4 &646947440622140124
Transform:
  m_ObjectHideFlags: 0
  m_CorrespondingSourceObject: {fileID: 0}
  m_PrefabInstance: {fileID: 0}
  m_PrefabAsset: {fileID: 0}
  m_GameObject: {fileID: 646947440622140127}
  serializedVersion: 2
  m_LocalRotation: {x: 0, y: 0, z: 0, w: 1}
  m_LocalPosition: {x: 0, y: 0, z: 1.75}
  m_LocalScale: {x: 1, y: 1, z: 1}
  m_ConstrainProportionsScale: 0
  m_Children:
  - {fileID: 7478599027478121342}
  - {fileID: 5667336403702812764}
  - {fileID: 7516732048734511439}
  m_Father: {fileID: 0}
  m_LocalEulerAnglesHint: {x: 0, y: 0, z: 0}
--- !u!114 &8203375018157316966
MonoBehaviour:
  m_ObjectHideFlags: 0
  m_CorrespondingSourceObject: {fileID: 0}
  m_PrefabInstance: {fileID: 0}
  m_PrefabAsset: {fileID: 0}
  m_GameObject: {fileID: 646947440622140127}
  m_Enabled: 1
  m_EditorHideFlags: 0
  m_Script: {fileID: 11500000, guid: 4cf4a78af9b214148b38d0511f5ae751, type: 3}
  m_Name: 
  m_EditorClassIdentifier: 
  serializationData:
    SerializedFormat: 2
    SerializedBytes: 
    ReferencedUnityObjects: []
    SerializedBytesString: 
    Prefab: {fileID: 0}
    PrefabModificationsReferencedUnityObjects: []
    PrefabModifications: []
    SerializationNodes: []
  _udonSharpBackingUdonBehaviour: {fileID: 4616864828385589244}
  _maxLogLevel: 4
  _logger: {fileID: 0}
  LogLevelOverride: 0
  videoManagers:
  - {fileID: 1077480206330449267}
  - {fileID: 5814323775435178703}
  - {fileID: 3264226316873840712}
  syncData: {fileID: 3628630041125375035}
  autoplayMainUrl:
    url: 
  autoplayAlternateUrl:
    url: 
  autoplayTitle: 
  autoplayStartOffset: 0
  defaultVideoManager: 0
  defaultVolume: 0.5
  startWith2DAudio: 0
  startWithVideoDisabled: 0
  syncToOwner: 1
  automaticResyncInterval: 600
  playDriftThreshold: Infinity
  pauseDriftThreshold: Infinity
  syncVideoManagerSelection: 0
  syncVolumeControl: 0
  playVideoAfterLoad: 1
  bufferDelayAfterLoad: 0
  maxAllowedLoadingTime: 30
  preferAlternateUrlForQuest: 1
  allowMasterControl: 1
  rememberFirstMaster: 1
  instanceOwnerIsSuper: 1
  firstMasterIsSuper: 1
  superUserLockOverride: 1
  lockedByDefault: 0
  enableAutoOwnership: 0
  disallowUnauthorizedUsers: 0
  pauseTakesOwnership: 0
  enforceDomainWhitelist: 0
  enableAuthUserDomainBypass: 0
  defaultRetryCount: 0
  repeatingRetryDelay: 15
  retryUsingAlternateUrl: 1
  startHidden: 0
  startDisabled: 0
  stopMediaWhenHidden: 0
  stopMediaWhenDisabled: 0
  customTexture: {fileID: 0}
  rawTexture: {fileID: 0}
  autoResizeTexture: 1
  targetAspectRatio: 1.7777
  applyAspectToResize: 0
  applyAspectToBlit: 0
  blitMaterial: {fileID: 2100000, guid: 83afd99a9c5be4c4ebc6d9b327ba8a5a, type: 2}
  defaultStandbyTexture: {fileID: 0}
  soundOnlyTexture: {fileID: 0}
  standby3dMode: 0
  standbyOnMediaEnd: 1
  standbyOnMediaPause: 0
  customMaterials:
  - {fileID: 2100000, guid: 1117acbb16276964193075471d0a3ae4, type: 2}
  customMaterialProperties:
  - _VideoTex
  enableGSV: 0
  enablePixelExtraction: 0
  versionNumber: 3.0.0-beta.12
  customMaterial: {fileID: 0}
  customMaterialProperty: _VideoTex
  authPlugin: {fileID: 86897347109695308}
  domainWhitelist:
  - soundcloud.com
  - facebook.com
  - nicovideo.jp
  - twitch.tv
  - vimeo.com
  - youku.com
  - youtube.com
  - youtu.be
  - mixcloud.com
  - vrcdn.live
  - vrcdn.video
  - streamable.com
  - bandcamp.com
  - bilibili.tv
--- !u!114 &4616864828385589244
MonoBehaviour:
  m_ObjectHideFlags: 0
  m_CorrespondingSourceObject: {fileID: 0}
  m_PrefabInstance: {fileID: 0}
  m_PrefabAsset: {fileID: 0}
  m_GameObject: {fileID: 646947440622140127}
  m_Enabled: 1
  m_EditorHideFlags: 0
  m_Script: {fileID: 11500000, guid: 45115577ef41a5b4ca741ed302693907, type: 3}
  m_Name: 
  m_EditorClassIdentifier: 
  interactTextPlacement: {fileID: 0}
  interactText: Use
  interactTextGO: {fileID: 0}
  proximity: 2
  SynchronizePosition: 0
  AllowCollisionOwnershipTransfer: 0
  Reliable: 0
  _syncMethod: 3
  serializedProgramAsset: {fileID: 11400000, guid: 761299cab89a8304b9a2085ebb36b8ca,
    type: 2}
  programSource: {fileID: 11400000, guid: 758b3974dc10ae445a6ce060183f4682, type: 2}
  serializedPublicVariablesBytesString: Ai8AAAAAATIAAABWAFIAQwAuAFUAZABvAG4ALgBDAG8AbQBtAG8AbgAuAFUAZABvAG4AVgBhAHIAaQBhAGIAbABlAFQAYQBiAGwAZQAsACAAVgBSAEMALgBVAGQAbwBuAC4AQwBvAG0AbQBvAG4AAAAAAAYBAAAAAAAAACcBBAAAAHQAeQBwAGUAAWgAAABTAHkAcwB0AGUAbQAuAEMAbwBsAGwAZQBjAHQAaQBvAG4AcwAuAEcAZQBuAGUAcgBpAGMALgBMAGkAcwB0AGAAMQBbAFsAVgBSAEMALgBVAGQAbwBuAC4AQwBvAG0AbQBvAG4ALgBJAG4AdABlAHIAZgBhAGMAZQBzAC4ASQBVAGQAbwBuAFYAYQByAGkAYQBiAGwAZQAsACAAVgBSAEMALgBVAGQAbwBuAC4AQwBvAG0AbQBvAG4AXQBdACwAIABtAHMAYwBvAHIAbABpAGIAAQEJAAAAVgBhAHIAaQBhAGIAbABlAHMALwEAAAABaAAAAFMAeQBzAHQAZQBtAC4AQwBvAGwAbABlAGMAdABpAG8AbgBzAC4ARwBlAG4AZQByAGkAYwAuAEwAaQBzAHQAYAAxAFsAWwBWAFIAQwAuAFUAZABvAG4ALgBDAG8AbQBtAG8AbgAuAEkAbgB0AGUAcgBmAGEAYwBlAHMALgBJAFUAZABvAG4AVgBhAHIAaQBhAGIAbABlACwAIABWAFIAQwAuAFUAZABvAG4ALgBDAG8AbQBtAG8AbgBdAF0ALAAgAG0AcwBjAG8AcgBsAGkAYgABAAAABgIAAAAAAAAAAi8CAAAAAUkAAABWAFIAQwAuAFUAZABvAG4ALgBDAG8AbQBtAG8AbgAuAFUAZABvAG4AVgBhAHIAaQBhAGIAbABlAGAAMQBbAFsAUwB5AHMAdABlAG0ALgBJAG4AdAAzADIALAAgAG0AcwBjAG8AcgBsAGkAYgBdAF0ALAAgAFYAUgBDAC4AVQBkAG8AbgAuAEMAbwBtAG0AbwBuAAIAAAAGAgAAAAAAAAAnAQQAAAB0AHkAcABlAAEXAAAAUwB5AHMAdABlAG0ALgBTAHQAcgBpAG4AZwAsACAAbQBzAGMAbwByAGwAaQBiACcBCgAAAFMAeQBtAGIAbwBsAE4AYQBtAGUAAR8AAABfAF8AXwBVAGQAbwBuAFMAaABhAHIAcABCAGUAaABhAHYAaQBvAHUAcgBWAGUAcgBzAGkAbwBuAF8AXwBfACcBBAAAAHQAeQBwAGUAARYAAABTAHkAcwB0AGUAbQAuAEkAbgB0ADMAMgAsACAAbQBzAGMAbwByAGwAaQBiABcBBQAAAFYAYQBsAHUAZQACAAAABwUCLwMAAAABSwAAAFYAUgBDAC4AVQBkAG8AbgAuAEMAbwBtAG0AbwBuAC4AVQBkAG8AbgBWAGEAcgBpAGEAYgBsAGUAYAAxAFsAWwBTAHkAcwB0AGUAbQAuAEIAbwBvAGwAZQBhAG4ALAAgAG0AcwBjAG8AcgBsAGkAYgBdAF0ALAAgAFYAUgBDAC4AVQBkAG8AbgAuAEMAbwBtAG0AbwBuAAMAAAAGAgAAAAAAAAAnAQQAAAB0AHkAcABlAAEXAAAAUwB5AHMAdABlAG0ALgBTAHQAcgBpAG4AZwAsACAAbQBzAGMAbwByAGwAaQBiACcBCgAAAFMAeQBtAGIAbwBsAE4AYQBtAGUAAS4AAABfAF8AXwBVAGQAbwBuAFMAaABhAHIAcABCAGUAaABhAHYAaQBvAHUAcgBQAGUAcgBzAGkAcwB0AEQAYQB0AGEARgByAG8AbQBVAHAAZwByAGEAZABlAF8AXwBfACcBBAAAAHQAeQBwAGUAARgAAABTAHkAcwB0AGUAbQAuAEIAbwBvAGwAZQBhAG4ALAAgAG0AcwBjAG8AcgBsAGkAYgArAQUAAABWAGEAbAB1AGUAAQcFBwUHBQ==
  publicVariablesUnityEngineObjects: []
  publicVariablesSerializationDataFormat: 0
--- !u!1 &646947441220242873
GameObject:
  m_ObjectHideFlags: 0
  m_CorrespondingSourceObject: {fileID: 0}
  m_PrefabInstance: {fileID: 0}
  m_PrefabAsset: {fileID: 0}
  serializedVersion: 6
  m_Component:
  - component: {fileID: 646947441220242884}
  - component: {fileID: 1077480206330449267}
  - component: {fileID: 646947441220242886}
  - component: {fileID: 6253130118037759260}
  - component: {fileID: 2771026963934607317}
  - component: {fileID: 2406498424196279188}
  m_Layer: 8
  m_Name: AVProHQ
  m_TagString: Untagged
  m_Icon: {fileID: 0}
  m_NavMeshLayer: 0
  m_StaticEditorFlags: 0
  m_IsActive: 0
--- !u!4 &646947441220242884
Transform:
  m_ObjectHideFlags: 0
  m_CorrespondingSourceObject: {fileID: 0}
  m_PrefabInstance: {fileID: 0}
  m_PrefabAsset: {fileID: 0}
  m_GameObject: {fileID: 646947441220242873}
  serializedVersion: 2
  m_LocalRotation: {x: -0, y: -0, z: -0, w: 1}
  m_LocalPosition: {x: 0, y: 0, z: 0}
  m_LocalScale: {x: 1, y: 1, z: 1}
  m_ConstrainProportionsScale: 0
  m_Children: []
  m_Father: {fileID: 7478599027478121342}
  m_LocalEulerAnglesHint: {x: 0, y: 0, z: 0}
--- !u!114 &1077480206330449267
MonoBehaviour:
  m_ObjectHideFlags: 0
  m_CorrespondingSourceObject: {fileID: 0}
  m_PrefabInstance: {fileID: 0}
  m_PrefabAsset: {fileID: 0}
  m_GameObject: {fileID: 646947441220242873}
  m_Enabled: 1
  m_EditorHideFlags: 0
  m_Script: {fileID: 11500000, guid: 50a79e026e55cb040a96beb72e202645, type: 3}
  m_Name: 
  m_EditorClassIdentifier: 
  serializationData:
    SerializedFormat: 2
    SerializedBytes: 
    ReferencedUnityObjects: []
    SerializedBytesString: 
    Prefab: {fileID: 0}
    PrefabModificationsReferencedUnityObjects: []
    PrefabModifications: []
    SerializationNodes: []
  _udonSharpBackingUdonBehaviour: {fileID: 2406498424196279188}
  _maxLogLevel: 4
  _logger: {fileID: 0}
  customLabel: AVPro High Quality
  autoManageVolume: 1
  autoManageMute: 1
  screens: []
  spatialSpeakers:
  - {fileID: 646947442137106051}
  - {fileID: 646947441716498411}
  - {fileID: 4834477653319959405}
  managedSpatialVolume: 010101
  managedSpatialMute: 010101
  stereoSpeakers:
  - {fileID: 3853472960467258076}
  - {fileID: 6458096458672407186}
  managedStereoVolume: 0101
  managedStereoMute: 0101
  isAVPro: 0
  matRenderer: {fileID: 0}
--- !u!114 &646947441220242886
MonoBehaviour:
  m_ObjectHideFlags: 0
  m_CorrespondingSourceObject: {fileID: 0}
  m_PrefabInstance: {fileID: 0}
  m_PrefabAsset: {fileID: 0}
  m_GameObject: {fileID: 646947441220242873}
  m_Enabled: 1
  m_EditorHideFlags: 0
  m_Script: {fileID: -1743794047, guid: 661092b4961be7145bfbe56e1e62337b, type: 3}
  m_Name: 
  m_EditorClassIdentifier: 
  EnableAutomaticResync: 0
  videoURL:
    url: 
  autoPlay: 0
  loop: 0
  maximumResolution: 4096
  useLowLatency: 1
--- !u!114 &6253130118037759260
MonoBehaviour:
  m_ObjectHideFlags: 0
  m_CorrespondingSourceObject: {fileID: 0}
  m_PrefabInstance: {fileID: 0}
  m_PrefabAsset: {fileID: 0}
  m_GameObject: {fileID: 646947441220242873}
  m_Enabled: 1
  m_EditorHideFlags: 0
  m_Script: {fileID: -1889044836, guid: 661092b4961be7145bfbe56e1e62337b, type: 3}
  m_Name: 
  m_EditorClassIdentifier: 
  videoPlayer: {fileID: 646947441220242886}
  materialIndex: 0
  textureProperty: _MainTex
  useSharedMaterial: 0
--- !u!23 &2771026963934607317
MeshRenderer:
  m_ObjectHideFlags: 0
  m_CorrespondingSourceObject: {fileID: 0}
  m_PrefabInstance: {fileID: 0}
  m_PrefabAsset: {fileID: 0}
  m_GameObject: {fileID: 646947441220242873}
  m_Enabled: 0
  m_CastShadows: 0
  m_ReceiveShadows: 0
  m_DynamicOccludee: 0
  m_StaticShadowCaster: 0
  m_MotionVectors: 2
  m_LightProbeUsage: 0
  m_ReflectionProbeUsage: 0
  m_RayTracingMode: 2
  m_RayTraceProcedural: 0
  m_RenderingLayerMask: 1
  m_RendererPriority: 0
  m_Materials:
  - {fileID: 0}
  m_StaticBatchInfo:
    firstSubMesh: 0
    subMeshCount: 0
  m_StaticBatchRoot: {fileID: 0}
  m_ProbeAnchor: {fileID: 0}
  m_LightProbeVolumeOverride: {fileID: 0}
  m_ScaleInLightmap: 1
  m_ReceiveGI: 1
  m_PreserveUVs: 0
  m_IgnoreNormalsForChartDetection: 0
  m_ImportantGI: 0
  m_StitchLightmapSeams: 0
  m_SelectedEditorRenderState: 3
  m_MinimumChartSize: 4
  m_AutoUVMaxDistance: 0.5
  m_AutoUVMaxAngle: 89
  m_LightmapParameters: {fileID: 0}
  m_SortingLayerID: 0
  m_SortingLayer: 0
  m_SortingOrder: 0
  m_AdditionalVertexStreams: {fileID: 0}
--- !u!114 &2406498424196279188
MonoBehaviour:
  m_ObjectHideFlags: 0
  m_CorrespondingSourceObject: {fileID: 0}
  m_PrefabInstance: {fileID: 0}
  m_PrefabAsset: {fileID: 0}
  m_GameObject: {fileID: 646947441220242873}
  m_Enabled: 1
  m_EditorHideFlags: 0
  m_Script: {fileID: 11500000, guid: 45115577ef41a5b4ca741ed302693907, type: 3}
  m_Name: 
  m_EditorClassIdentifier: 
  interactTextPlacement: {fileID: 0}
  interactText: Use
  interactTextGO: {fileID: 0}
  proximity: 2
  SynchronizePosition: 0
  AllowCollisionOwnershipTransfer: 0
  Reliable: 0
  _syncMethod: 0
  serializedProgramAsset: {fileID: 11400000, guid: 9d97da8aac596384ba9db3249c74094a,
    type: 2}
  programSource: {fileID: 11400000, guid: 4441ca2fa614aad4b82e0296e1fc8af5, type: 2}
  serializedPublicVariablesBytesString: Ai8AAAAAATIAAABWAFIAQwAuAFUAZABvAG4ALgBDAG8AbQBtAG8AbgAuAFUAZABvAG4AVgBhAHIAaQBhAGIAbABlAFQAYQBiAGwAZQAsACAAVgBSAEMALgBVAGQAbwBuAC4AQwBvAG0AbQBvAG4AAAAAAAYBAAAAAAAAACcBBAAAAHQAeQBwAGUAAWgAAABTAHkAcwB0AGUAbQAuAEMAbwBsAGwAZQBjAHQAaQBvAG4AcwAuAEcAZQBuAGUAcgBpAGMALgBMAGkAcwB0AGAAMQBbAFsAVgBSAEMALgBVAGQAbwBuAC4AQwBvAG0AbQBvAG4ALgBJAG4AdABlAHIAZgBhAGMAZQBzAC4ASQBVAGQAbwBuAFYAYQByAGkAYQBiAGwAZQAsACAAVgBSAEMALgBVAGQAbwBuAC4AQwBvAG0AbQBvAG4AXQBdACwAIABtAHMAYwBvAHIAbABpAGIAAQEJAAAAVgBhAHIAaQBhAGIAbABlAHMALwEAAAABaAAAAFMAeQBzAHQAZQBtAC4AQwBvAGwAbABlAGMAdABpAG8AbgBzAC4ARwBlAG4AZQByAGkAYwAuAEwAaQBzAHQAYAAxAFsAWwBWAFIAQwAuAFUAZABvAG4ALgBDAG8AbQBtAG8AbgAuAEkAbgB0AGUAcgBmAGEAYwBlAHMALgBJAFUAZABvAG4AVgBhAHIAaQBhAGIAbABlACwAIABWAFIAQwAuAFUAZABvAG4ALgBDAG8AbQBtAG8AbgBdAF0ALAAgAG0AcwBjAG8AcgBsAGkAYgABAAAABgEAAAAAAAAAAi8CAAAAAUkAAABWAFIAQwAuAFUAZABvAG4ALgBDAG8AbQBtAG8AbgAuAFUAZABvAG4AVgBhAHIAaQBhAGIAbABlAGAAMQBbAFsAUwB5AHMAdABlAG0ALgBJAG4AdAAzADIALAAgAG0AcwBjAG8AcgBsAGkAYgBdAF0ALAAgAFYAUgBDAC4AVQBkAG8AbgAuAEMAbwBtAG0AbwBuAAIAAAAGAgAAAAAAAAAnAQQAAAB0AHkAcABlAAEXAAAAUwB5AHMAdABlAG0ALgBTAHQAcgBpAG4AZwAsACAAbQBzAGMAbwByAGwAaQBiACcBCgAAAFMAeQBtAGIAbwBsAE4AYQBtAGUAAR8AAABfAF8AXwBVAGQAbwBuAFMAaABhAHIAcABCAGUAaABhAHYAaQBvAHUAcgBWAGUAcgBzAGkAbwBuAF8AXwBfACcBBAAAAHQAeQBwAGUAARYAAABTAHkAcwB0AGUAbQAuAEkAbgB0ADMAMgAsACAAbQBzAGMAbwByAGwAaQBiABcBBQAAAFYAYQBsAHUAZQACAAAABwUHBQcF
  publicVariablesUnityEngineObjects: []
  publicVariablesSerializationDataFormat: 0
--- !u!1 &646947441628438983
GameObject:
  m_ObjectHideFlags: 0
  m_CorrespondingSourceObject: {fileID: 0}
  m_PrefabInstance: {fileID: 0}
  m_PrefabAsset: {fileID: 0}
  serializedVersion: 6
  m_Component:
  - component: {fileID: 646947441628438977}
  - component: {fileID: 646947441628438978}
  - component: {fileID: 646947441628438981}
  m_Layer: 11
  m_Name: Main Screen
  m_TagString: Untagged
  m_Icon: {fileID: 0}
  m_NavMeshLayer: 0
  m_StaticEditorFlags: 0
  m_IsActive: 1
--- !u!4 &646947441628438977
Transform:
  m_ObjectHideFlags: 0
  m_CorrespondingSourceObject: {fileID: 0}
  m_PrefabInstance: {fileID: 0}
  m_PrefabAsset: {fileID: 0}
  m_GameObject: {fileID: 646947441628438983}
  serializedVersion: 2
  m_LocalRotation: {x: -0, y: -0, z: -0, w: 1}
  m_LocalPosition: {x: 0, y: 1.05, z: 0}
  m_LocalScale: {x: 2.88, y: 1.62, z: 1}
  m_ConstrainProportionsScale: 0
  m_Children: []
  m_Father: {fileID: 5667336403702812764}
  m_LocalEulerAnglesHint: {x: 0, y: 0, z: 0}
--- !u!33 &646947441628438978
MeshFilter:
  m_ObjectHideFlags: 0
  m_CorrespondingSourceObject: {fileID: 0}
  m_PrefabInstance: {fileID: 0}
  m_PrefabAsset: {fileID: 0}
  m_GameObject: {fileID: 646947441628438983}
  m_Mesh: {fileID: 10210, guid: 0000000000000000e000000000000000, type: 0}
--- !u!23 &646947441628438981
MeshRenderer:
  m_ObjectHideFlags: 0
  m_CorrespondingSourceObject: {fileID: 0}
  m_PrefabInstance: {fileID: 0}
  m_PrefabAsset: {fileID: 0}
  m_GameObject: {fileID: 646947441628438983}
  m_Enabled: 1
  m_CastShadows: 0
  m_ReceiveShadows: 0
  m_DynamicOccludee: 1
  m_StaticShadowCaster: 0
  m_MotionVectors: 2
  m_LightProbeUsage: 0
  m_ReflectionProbeUsage: 0
  m_RayTracingMode: 2
  m_RayTraceProcedural: 0
  m_RenderingLayerMask: 1
  m_RendererPriority: 0
  m_Materials:
  - {fileID: 2100000, guid: 1117acbb16276964193075471d0a3ae4, type: 2}
  m_StaticBatchInfo:
    firstSubMesh: 0
    subMeshCount: 0
  m_StaticBatchRoot: {fileID: 0}
  m_ProbeAnchor: {fileID: 0}
  m_LightProbeVolumeOverride: {fileID: 0}
  m_ScaleInLightmap: 1
  m_ReceiveGI: 1
  m_PreserveUVs: 0
  m_IgnoreNormalsForChartDetection: 0
  m_ImportantGI: 0
  m_StitchLightmapSeams: 0
  m_SelectedEditorRenderState: 3
  m_MinimumChartSize: 4
  m_AutoUVMaxDistance: 0.5
  m_AutoUVMaxAngle: 89
  m_LightmapParameters: {fileID: 0}
  m_SortingLayerID: 0
  m_SortingLayer: 0
  m_SortingOrder: 0
  m_AdditionalVertexStreams: {fileID: 0}
--- !u!1 &646947441716498410
GameObject:
  m_ObjectHideFlags: 0
  m_CorrespondingSourceObject: {fileID: 0}
  m_PrefabInstance: {fileID: 0}
  m_PrefabAsset: {fileID: 0}
  serializedVersion: 6
  m_Component:
  - component: {fileID: 646947441716498422}
  - component: {fileID: 646947441716498408}
  - component: {fileID: 646947441716498411}
  m_Layer: 8
  m_Name: AVProHQ RightFront
  m_TagString: Untagged
  m_Icon: {fileID: 0}
  m_NavMeshLayer: 0
  m_StaticEditorFlags: 0
  m_IsActive: 1
--- !u!4 &646947441716498422
Transform:
  m_ObjectHideFlags: 0
  m_CorrespondingSourceObject: {fileID: 0}
  m_PrefabInstance: {fileID: 0}
  m_PrefabAsset: {fileID: 0}
  m_GameObject: {fileID: 646947441716498410}
  serializedVersion: 2
  m_LocalRotation: {x: -0, y: -0, z: -0, w: 1}
  m_LocalPosition: {x: 2, y: 1, z: 0}
  m_LocalScale: {x: 1, y: 1, z: 1}
  m_ConstrainProportionsScale: 0
  m_Children: []
  m_Father: {fileID: 439952705267208362}
  m_LocalEulerAnglesHint: {x: 0, y: 0, z: 0}
--- !u!114 &646947441716498408
MonoBehaviour:
  m_ObjectHideFlags: 0
  m_CorrespondingSourceObject: {fileID: 0}
  m_PrefabInstance: {fileID: 0}
  m_PrefabAsset: {fileID: 0}
  m_GameObject: {fileID: 646947441716498410}
  m_Enabled: 1
  m_EditorHideFlags: 0
  m_Script: {fileID: 1361866905, guid: 661092b4961be7145bfbe56e1e62337b, type: 3}
  m_Name: 
  m_EditorClassIdentifier: 
  videoPlayer: {fileID: 646947441220242886}
  mode: 0
--- !u!82 &646947441716498411
AudioSource:
  m_ObjectHideFlags: 0
  m_CorrespondingSourceObject: {fileID: 0}
  m_PrefabInstance: {fileID: 0}
  m_PrefabAsset: {fileID: 0}
  m_GameObject: {fileID: 646947441716498410}
  m_Enabled: 1
  serializedVersion: 4
  OutputAudioMixerGroup: {fileID: 0}
  m_audioClip: {fileID: 0}
  m_PlayOnAwake: 1
  m_Volume: 1
  m_Pitch: 1
  Loop: 0
  Mute: 0
  Spatialize: 1
  SpatializePostEffects: 0
  Priority: 128
  DopplerLevel: 0
  MinDistance: 0.4734173
  MaxDistance: 6.5
  Pan2D: 1
  rolloffMode: 2
  BypassEffects: 0
  BypassListenerEffects: 0
  BypassReverbZones: 0
  rolloffCustomCurve:
    serializedVersion: 2
    m_Curve:
    - serializedVersion: 3
      time: 0
      value: 1
      inSlope: 0
      outSlope: 0
      tangentMode: 0
      weightedMode: 0
      inWeight: 0.33333334
      outWeight: 0.33333334
    - serializedVersion: 3
      time: 0.69646186
      value: 0.49618387
      inSlope: -2.0728443
      outSlope: -2.0728443
      tangentMode: 0
      weightedMode: 0
      inWeight: 0.041733496
      outWeight: 0.17920901
    - serializedVersion: 3
      time: 0.85173845
      value: 0.10109827
      inSlope: -1.4955534
      outSlope: -1.4955534
      tangentMode: 0
      weightedMode: 0
      inWeight: 0.56713176
      outWeight: 0.5719908
    - serializedVersion: 3
      time: 1
      value: 0
      inSlope: -0.27076796
      outSlope: -0.27076796
      tangentMode: 0
      weightedMode: 0
      inWeight: 0.56083983
      outWeight: 0.33333334
    m_PreInfinity: 2
    m_PostInfinity: 2
    m_RotationOrder: 4
  panLevelCustomCurve:
    serializedVersion: 2
    m_Curve:
    - serializedVersion: 3
      time: 0
      value: 1
      inSlope: 0
      outSlope: 0
      tangentMode: 0
      weightedMode: 0
      inWeight: 0.33333334
      outWeight: 0.33333334
    m_PreInfinity: 2
    m_PostInfinity: 2
    m_RotationOrder: 4
  spreadCustomCurve:
    serializedVersion: 2
    m_Curve:
    - serializedVersion: 3
      time: 0
      value: 1
      inSlope: 0
      outSlope: 0
      tangentMode: 0
      weightedMode: 0
      inWeight: 0.33333334
      outWeight: 0.33333334
    m_PreInfinity: 2
    m_PostInfinity: 2
    m_RotationOrder: 4
  reverbZoneMixCustomCurve:
    serializedVersion: 2
    m_Curve:
    - serializedVersion: 3
      time: 0
      value: 0.5
      inSlope: 0
      outSlope: 0
      tangentMode: 0
      weightedMode: 0
      inWeight: 0.33333334
      outWeight: 0.33333334
    m_PreInfinity: 2
    m_PostInfinity: 2
    m_RotationOrder: 4
--- !u!1 &646947442137106050
GameObject:
  m_ObjectHideFlags: 0
  m_CorrespondingSourceObject: {fileID: 0}
  m_PrefabInstance: {fileID: 0}
  m_PrefabAsset: {fileID: 0}
  serializedVersion: 6
  m_Component:
  - component: {fileID: 646947442137106062}
  - component: {fileID: 646947442137106048}
  - component: {fileID: 646947442137106051}
  m_Layer: 8
  m_Name: AVProHQ LeftFront
  m_TagString: Untagged
  m_Icon: {fileID: 0}
  m_NavMeshLayer: 0
  m_StaticEditorFlags: 0
  m_IsActive: 1
--- !u!4 &646947442137106062
Transform:
  m_ObjectHideFlags: 0
  m_CorrespondingSourceObject: {fileID: 0}
  m_PrefabInstance: {fileID: 0}
  m_PrefabAsset: {fileID: 0}
  m_GameObject: {fileID: 646947442137106050}
  serializedVersion: 2
  m_LocalRotation: {x: -0, y: -0, z: -0, w: 1}
  m_LocalPosition: {x: -2, y: 1, z: 0}
  m_LocalScale: {x: 1, y: 1, z: 1}
  m_ConstrainProportionsScale: 0
  m_Children: []
  m_Father: {fileID: 439952705267208362}
  m_LocalEulerAnglesHint: {x: 0, y: 0, z: 0}
--- !u!114 &646947442137106048
MonoBehaviour:
  m_ObjectHideFlags: 0
  m_CorrespondingSourceObject: {fileID: 0}
  m_PrefabInstance: {fileID: 0}
  m_PrefabAsset: {fileID: 0}
  m_GameObject: {fileID: 646947442137106050}
  m_Enabled: 1
  m_EditorHideFlags: 0
  m_Script: {fileID: 1361866905, guid: 661092b4961be7145bfbe56e1e62337b, type: 3}
  m_Name: 
  m_EditorClassIdentifier: 
  videoPlayer: {fileID: 646947441220242886}
  mode: 0
--- !u!82 &646947442137106051
AudioSource:
  m_ObjectHideFlags: 0
  m_CorrespondingSourceObject: {fileID: 0}
  m_PrefabInstance: {fileID: 0}
  m_PrefabAsset: {fileID: 0}
  m_GameObject: {fileID: 646947442137106050}
  m_Enabled: 1
  serializedVersion: 4
  OutputAudioMixerGroup: {fileID: 0}
  m_audioClip: {fileID: 0}
  m_PlayOnAwake: 1
  m_Volume: 1
  m_Pitch: 1
  Loop: 0
  Mute: 0
  Spatialize: 1
  SpatializePostEffects: 0
  Priority: 128
  DopplerLevel: 0
  MinDistance: 0.4734173
  MaxDistance: 6.5
  Pan2D: -1
  rolloffMode: 2
  BypassEffects: 0
  BypassListenerEffects: 0
  BypassReverbZones: 0
  rolloffCustomCurve:
    serializedVersion: 2
    m_Curve:
    - serializedVersion: 3
      time: 0
      value: 1
      inSlope: 0
      outSlope: 0
      tangentMode: 0
      weightedMode: 0
      inWeight: 0.33333334
      outWeight: 0.33333334
    - serializedVersion: 3
      time: 0.69646186
      value: 0.49618387
      inSlope: -2.0728443
      outSlope: -2.0728443
      tangentMode: 0
      weightedMode: 0
      inWeight: 0.041733496
      outWeight: 0.17920901
    - serializedVersion: 3
      time: 0.85173845
      value: 0.10109827
      inSlope: -1.4955534
      outSlope: -1.4955534
      tangentMode: 0
      weightedMode: 0
      inWeight: 0.56713176
      outWeight: 0.5719908
    - serializedVersion: 3
      time: 1
      value: 0
      inSlope: -0.27076796
      outSlope: -0.27076796
      tangentMode: 0
      weightedMode: 0
      inWeight: 0.56083983
      outWeight: 0.33333334
    m_PreInfinity: 2
    m_PostInfinity: 2
    m_RotationOrder: 4
  panLevelCustomCurve:
    serializedVersion: 2
    m_Curve:
    - serializedVersion: 3
      time: 0
      value: 1
      inSlope: 0
      outSlope: 0
      tangentMode: 0
      weightedMode: 0
      inWeight: 0.33333334
      outWeight: 0.33333334
    m_PreInfinity: 2
    m_PostInfinity: 2
    m_RotationOrder: 4
  spreadCustomCurve:
    serializedVersion: 2
    m_Curve:
    - serializedVersion: 3
      time: 0
      value: 1
      inSlope: 0
      outSlope: 0
      tangentMode: 0
      weightedMode: 0
      inWeight: 0.33333334
      outWeight: 0.33333334
    m_PreInfinity: 2
    m_PostInfinity: 2
    m_RotationOrder: 4
  reverbZoneMixCustomCurve:
    serializedVersion: 2
    m_Curve:
    - serializedVersion: 3
      time: 0
      value: 0.5
      inSlope: 0
      outSlope: 0
      tangentMode: 0
      weightedMode: 0
      inWeight: 0.33333334
      outWeight: 0.33333334
    m_PreInfinity: 2
    m_PostInfinity: 2
    m_RotationOrder: 4
--- !u!1 &1680361097760619025
GameObject:
  m_ObjectHideFlags: 0
  m_CorrespondingSourceObject: {fileID: 0}
  m_PrefabInstance: {fileID: 0}
  m_PrefabAsset: {fileID: 0}
  serializedVersion: 6
  m_Component:
  - component: {fileID: 6445127457970357431}
  - component: {fileID: 86897347109695308}
  - component: {fileID: 7276584419501379732}
  m_Layer: 8
  m_Name: TVAuth
  m_TagString: Untagged
  m_Icon: {fileID: 0}
  m_NavMeshLayer: 0
  m_StaticEditorFlags: 0
  m_IsActive: 1
--- !u!4 &6445127457970357431
Transform:
  m_ObjectHideFlags: 0
  m_CorrespondingSourceObject: {fileID: 0}
  m_PrefabInstance: {fileID: 0}
  m_PrefabAsset: {fileID: 0}
  m_GameObject: {fileID: 1680361097760619025}
  serializedVersion: 2
  m_LocalRotation: {x: -0, y: -0, z: -0, w: 1}
  m_LocalPosition: {x: -0.3774908, y: 0.11932971, z: 2.7327495}
  m_LocalScale: {x: 1, y: 1, z: 1}
  m_ConstrainProportionsScale: 0
  m_Children: []
  m_Father: {fileID: 7478599027478121342}
  m_LocalEulerAnglesHint: {x: 0, y: 0, z: 0}
--- !u!114 &86897347109695308
MonoBehaviour:
  m_ObjectHideFlags: 0
  m_CorrespondingSourceObject: {fileID: 0}
  m_PrefabInstance: {fileID: 0}
  m_PrefabAsset: {fileID: 0}
  m_GameObject: {fileID: 1680361097760619025}
  m_Enabled: 1
  m_EditorHideFlags: 0
  m_Script: {fileID: 11500000, guid: 77d653a0e57b4d5e8dbeba72e0a4b8c9, type: 3}
  m_Name: 
  m_EditorClassIdentifier: 
  serializationData:
    SerializedFormat: 2
    SerializedBytes: 
    ReferencedUnityObjects: []
    SerializedBytesString: 
    Prefab: {fileID: 0}
    PrefabModificationsReferencedUnityObjects: []
    PrefabModifications: []
    SerializationNodes: []
  _udonSharpBackingUdonBehaviour: {fileID: 7276584419501379732}
  _maxLogLevel: 4
  _logger: {fileID: 0}
  tv: {fileID: 8203375018157316966}
  superUsers: []
  authorizedUsers: []
  secureWhitelist: 1
--- !u!114 &7276584419501379732
MonoBehaviour:
  m_ObjectHideFlags: 0
  m_CorrespondingSourceObject: {fileID: 0}
  m_PrefabInstance: {fileID: 0}
  m_PrefabAsset: {fileID: 0}
  m_GameObject: {fileID: 1680361097760619025}
  m_Enabled: 1
  m_EditorHideFlags: 0
  m_Script: {fileID: 11500000, guid: 45115577ef41a5b4ca741ed302693907, type: 3}
  m_Name: 
  m_EditorClassIdentifier: 
  interactTextPlacement: {fileID: 0}
  interactText: Use
  interactTextGO: {fileID: 0}
  proximity: 2
  SynchronizePosition: 0
  AllowCollisionOwnershipTransfer: 0
  Reliable: 0
  _syncMethod: 2
  serializedProgramAsset: {fileID: 11400000, guid: b78f00b1422a7fe48af083045dff9353,
    type: 2}
  programSource: {fileID: 11400000, guid: fc521efc501538e4fbe0643d57d6d83a, type: 2}
  serializedPublicVariablesBytesString: Ai8AAAAAATIAAABWAFIAQwAuAFUAZABvAG4ALgBDAG8AbQBtAG8AbgAuAFUAZABvAG4AVgBhAHIAaQBhAGIAbABlAFQAYQBiAGwAZQAsACAAVgBSAEMALgBVAGQAbwBuAC4AQwBvAG0AbQBvAG4AAAAAAAYBAAAAAAAAACcBBAAAAHQAeQBwAGUAAWgAAABTAHkAcwB0AGUAbQAuAEMAbwBsAGwAZQBjAHQAaQBvAG4AcwAuAEcAZQBuAGUAcgBpAGMALgBMAGkAcwB0AGAAMQBbAFsAVgBSAEMALgBVAGQAbwBuAC4AQwBvAG0AbQBvAG4ALgBJAG4AdABlAHIAZgBhAGMAZQBzAC4ASQBVAGQAbwBuAFYAYQByAGkAYQBiAGwAZQAsACAAVgBSAEMALgBVAGQAbwBuAC4AQwBvAG0AbQBvAG4AXQBdACwAIABtAHMAYwBvAHIAbABpAGIAAQEJAAAAVgBhAHIAaQBhAGIAbABlAHMALwEAAAABaAAAAFMAeQBzAHQAZQBtAC4AQwBvAGwAbABlAGMAdABpAG8AbgBzAC4ARwBlAG4AZQByAGkAYwAuAEwAaQBzAHQAYAAxAFsAWwBWAFIAQwAuAFUAZABvAG4ALgBDAG8AbQBtAG8AbgAuAEkAbgB0AGUAcgBmAGEAYwBlAHMALgBJAFUAZABvAG4AVgBhAHIAaQBhAGIAbABlACwAIABWAFIAQwAuAFUAZABvAG4ALgBDAG8AbQBtAG8AbgBdAF0ALAAgAG0AcwBjAG8AcgBsAGkAYgABAAAABgEAAAAAAAAAAi8CAAAAAUkAAABWAFIAQwAuAFUAZABvAG4ALgBDAG8AbQBtAG8AbgAuAFUAZABvAG4AVgBhAHIAaQBhAGIAbABlAGAAMQBbAFsAUwB5AHMAdABlAG0ALgBJAG4AdAAzADIALAAgAG0AcwBjAG8AcgBsAGkAYgBdAF0ALAAgAFYAUgBDAC4AVQBkAG8AbgAuAEMAbwBtAG0AbwBuAAIAAAAGAgAAAAAAAAAnAQQAAAB0AHkAcABlAAEXAAAAUwB5AHMAdABlAG0ALgBTAHQAcgBpAG4AZwAsACAAbQBzAGMAbwByAGwAaQBiACcBCgAAAFMAeQBtAGIAbwBsAE4AYQBtAGUAAR8AAABfAF8AXwBVAGQAbwBuAFMAaABhAHIAcABCAGUAaABhAHYAaQBvAHUAcgBWAGUAcgBzAGkAbwBuAF8AXwBfACcBBAAAAHQAeQBwAGUAARYAAABTAHkAcwB0AGUAbQAuAEkAbgB0ADMAMgAsACAAbQBzAGMAbwByAGwAaQBiABcBBQAAAFYAYQBsAHUAZQACAAAABwUHBQcF
  publicVariablesUnityEngineObjects: []
  publicVariablesSerializationDataFormat: 0
--- !u!1 &3747929189564817949
GameObject:
  m_ObjectHideFlags: 0
  m_CorrespondingSourceObject: {fileID: 0}
  m_PrefabInstance: {fileID: 0}
  m_PrefabAsset: {fileID: 0}
  serializedVersion: 6
  m_Component:
  - component: {fileID: 2493128118888666905}
  - component: {fileID: 1100483740963121950}
  - component: {fileID: 6175716805485823302}
  m_Layer: 8
  m_Name: AVProNonLL Stereo Center
  m_TagString: Untagged
  m_Icon: {fileID: 0}
  m_NavMeshLayer: 0
  m_StaticEditorFlags: 0
  m_IsActive: 1
--- !u!4 &2493128118888666905
Transform:
  m_ObjectHideFlags: 0
  m_CorrespondingSourceObject: {fileID: 0}
  m_PrefabInstance: {fileID: 0}
  m_PrefabAsset: {fileID: 0}
  m_GameObject: {fileID: 3747929189564817949}
  serializedVersion: 2
  m_LocalRotation: {x: -0, y: -0, z: -0, w: 1}
  m_LocalPosition: {x: 0, y: 1, z: 0}
  m_LocalScale: {x: 1, y: 1, z: 1}
  m_ConstrainProportionsScale: 0
  m_Children: []
  m_Father: {fileID: 439952705267208362}
  m_LocalEulerAnglesHint: {x: 0, y: 0, z: 0}
--- !u!114 &1100483740963121950
MonoBehaviour:
  m_ObjectHideFlags: 0
  m_CorrespondingSourceObject: {fileID: 0}
  m_PrefabInstance: {fileID: 0}
  m_PrefabAsset: {fileID: 0}
  m_GameObject: {fileID: 3747929189564817949}
  m_Enabled: 1
  m_EditorHideFlags: 0
  m_Script: {fileID: 1361866905, guid: 661092b4961be7145bfbe56e1e62337b, type: 3}
  m_Name: 
  m_EditorClassIdentifier: 
  videoPlayer: {fileID: 6597634348402739843}
  mode: 3
--- !u!82 &6175716805485823302
AudioSource:
  m_ObjectHideFlags: 0
  m_CorrespondingSourceObject: {fileID: 0}
  m_PrefabInstance: {fileID: 0}
  m_PrefabAsset: {fileID: 0}
  m_GameObject: {fileID: 3747929189564817949}
  m_Enabled: 1
  serializedVersion: 4
  OutputAudioMixerGroup: {fileID: 0}
  m_audioClip: {fileID: 0}
  m_PlayOnAwake: 1
  m_Volume: 1
  m_Pitch: 1
  Loop: 0
  Mute: 0
  Spatialize: 0
  SpatializePostEffects: 0
  Priority: 128
  DopplerLevel: 0
  MinDistance: 0.4734173
  MaxDistance: 6.5
  Pan2D: 0
  rolloffMode: 2
  BypassEffects: 0
  BypassListenerEffects: 0
  BypassReverbZones: 0
  rolloffCustomCurve:
    serializedVersion: 2
    m_Curve:
    - serializedVersion: 3
      time: 0
      value: 1
      inSlope: 0
      outSlope: 0
      tangentMode: 0
      weightedMode: 0
      inWeight: 0.33333334
      outWeight: 0.33333334
    - serializedVersion: 3
      time: 0.69646186
      value: 0.49618387
      inSlope: -2.0728443
      outSlope: -2.0728443
      tangentMode: 0
      weightedMode: 0
      inWeight: 0.041733496
      outWeight: 0.17920901
    - serializedVersion: 3
      time: 0.85173845
      value: 0.10109827
      inSlope: -1.4955534
      outSlope: -1.4955534
      tangentMode: 0
      weightedMode: 0
      inWeight: 0.56713176
      outWeight: 0.5719908
    - serializedVersion: 3
      time: 1
      value: 0
      inSlope: -0.27076796
      outSlope: -0.27076796
      tangentMode: 0
      weightedMode: 0
      inWeight: 0.56083983
      outWeight: 0.33333334
    m_PreInfinity: 2
    m_PostInfinity: 2
    m_RotationOrder: 4
  panLevelCustomCurve:
    serializedVersion: 2
    m_Curve:
    - serializedVersion: 3
      time: 0
      value: 0
      inSlope: 0
      outSlope: 0
      tangentMode: 0
      weightedMode: 0
      inWeight: 0.33333334
      outWeight: 0.33333334
    m_PreInfinity: 2
    m_PostInfinity: 2
    m_RotationOrder: 4
  spreadCustomCurve:
    serializedVersion: 2
    m_Curve:
    - serializedVersion: 3
      time: 0
      value: 1
      inSlope: 0
      outSlope: 0
      tangentMode: 0
      weightedMode: 0
      inWeight: 0.33333334
      outWeight: 0.33333334
    m_PreInfinity: 2
    m_PostInfinity: 2
    m_RotationOrder: 4
  reverbZoneMixCustomCurve:
    serializedVersion: 2
    m_Curve:
    - serializedVersion: 3
      time: 0
      value: 0.5
      inSlope: 0
      outSlope: 0
      tangentMode: 0
      weightedMode: 0
      inWeight: 0.33333334
      outWeight: 0.33333334
    m_PreInfinity: 2
    m_PostInfinity: 2
    m_RotationOrder: 4
--- !u!1 &3948991132316127356
GameObject:
  m_ObjectHideFlags: 0
  m_CorrespondingSourceObject: {fileID: 0}
  m_PrefabInstance: {fileID: 0}
  m_PrefabAsset: {fileID: 0}
  serializedVersion: 6
  m_Component:
  - component: {fileID: 1559482281950361776}
  - component: {fileID: 2461451032809287077}
  - component: {fileID: 8982916221815648936}
  m_Layer: 8
  m_Name: AVProNonLL Stereo
  m_TagString: Untagged
  m_Icon: {fileID: 0}
  m_NavMeshLayer: 0
  m_StaticEditorFlags: 0
  m_IsActive: 1
--- !u!4 &1559482281950361776
Transform:
  m_ObjectHideFlags: 0
  m_CorrespondingSourceObject: {fileID: 0}
  m_PrefabInstance: {fileID: 0}
  m_PrefabAsset: {fileID: 0}
  m_GameObject: {fileID: 3948991132316127356}
  serializedVersion: 2
  m_LocalRotation: {x: -0, y: -0, z: -0, w: 1}
  m_LocalPosition: {x: 0, y: 1, z: 0}
  m_LocalScale: {x: 1, y: 1, z: 1}
  m_ConstrainProportionsScale: 0
  m_Children: []
  m_Father: {fileID: 439952705267208362}
  m_LocalEulerAnglesHint: {x: 0, y: 0, z: 0}
--- !u!114 &2461451032809287077
MonoBehaviour:
  m_ObjectHideFlags: 0
  m_CorrespondingSourceObject: {fileID: 0}
  m_PrefabInstance: {fileID: 0}
  m_PrefabAsset: {fileID: 0}
  m_GameObject: {fileID: 3948991132316127356}
  m_Enabled: 1
  m_EditorHideFlags: 0
  m_Script: {fileID: 1361866905, guid: 661092b4961be7145bfbe56e1e62337b, type: 3}
  m_Name: 
  m_EditorClassIdentifier: 
  videoPlayer: {fileID: 6597634348402739843}
  mode: 0
--- !u!82 &8982916221815648936
AudioSource:
  m_ObjectHideFlags: 0
  m_CorrespondingSourceObject: {fileID: 0}
  m_PrefabInstance: {fileID: 0}
  m_PrefabAsset: {fileID: 0}
  m_GameObject: {fileID: 3948991132316127356}
  m_Enabled: 1
  serializedVersion: 4
  OutputAudioMixerGroup: {fileID: 0}
  m_audioClip: {fileID: 0}
  m_PlayOnAwake: 1
  m_Volume: 1
  m_Pitch: 1
  Loop: 0
  Mute: 0
  Spatialize: 0
  SpatializePostEffects: 0
  Priority: 128
  DopplerLevel: 0
  MinDistance: 0.4734173
  MaxDistance: 6.5
  Pan2D: 0
  rolloffMode: 2
  BypassEffects: 0
  BypassListenerEffects: 0
  BypassReverbZones: 0
  rolloffCustomCurve:
    serializedVersion: 2
    m_Curve:
    - serializedVersion: 3
      time: 0
      value: 1
      inSlope: 0
      outSlope: 0
      tangentMode: 0
      weightedMode: 0
      inWeight: 0.33333334
      outWeight: 0.33333334
    - serializedVersion: 3
      time: 0.69646186
      value: 0.49618387
      inSlope: -2.0728443
      outSlope: -2.0728443
      tangentMode: 0
      weightedMode: 0
      inWeight: 0.041733496
      outWeight: 0.17920901
    - serializedVersion: 3
      time: 0.85173845
      value: 0.10109827
      inSlope: -1.4955534
      outSlope: -1.4955534
      tangentMode: 0
      weightedMode: 0
      inWeight: 0.56713176
      outWeight: 0.5719908
    - serializedVersion: 3
      time: 1
      value: 0
      inSlope: -0.27076796
      outSlope: -0.27076796
      tangentMode: 0
      weightedMode: 0
      inWeight: 0.56083983
      outWeight: 0.33333334
    m_PreInfinity: 2
    m_PostInfinity: 2
    m_RotationOrder: 4
  panLevelCustomCurve:
    serializedVersion: 2
    m_Curve:
    - serializedVersion: 3
      time: 0
      value: 0
      inSlope: 0
      outSlope: 0
      tangentMode: 0
      weightedMode: 0
      inWeight: 0.33333334
      outWeight: 0.33333334
    m_PreInfinity: 2
    m_PostInfinity: 2
    m_RotationOrder: 4
  spreadCustomCurve:
    serializedVersion: 2
    m_Curve:
    - serializedVersion: 3
      time: 0
      value: 1
      inSlope: 0
      outSlope: 0
      tangentMode: 0
      weightedMode: 0
      inWeight: 0.33333334
      outWeight: 0.33333334
    m_PreInfinity: 2
    m_PostInfinity: 2
    m_RotationOrder: 4
  reverbZoneMixCustomCurve:
    serializedVersion: 2
    m_Curve:
    - serializedVersion: 3
      time: 0
      value: 0.5
      inSlope: 0
      outSlope: 0
      tangentMode: 0
      weightedMode: 0
      inWeight: 0.33333334
      outWeight: 0.33333334
    m_PreInfinity: 2
    m_PostInfinity: 2
    m_RotationOrder: 4
--- !u!1 &4928149348852411727
GameObject:
  m_ObjectHideFlags: 0
  m_CorrespondingSourceObject: {fileID: 0}
  m_PrefabInstance: {fileID: 0}
  m_PrefabAsset: {fileID: 0}
  serializedVersion: 6
  m_Component:
  - component: {fileID: 2313730539238854042}
  - component: {fileID: 3628630041125375035}
  - component: {fileID: 5929568488962144587}
  m_Layer: 8
  m_Name: TVData
  m_TagString: Untagged
  m_Icon: {fileID: 0}
  m_NavMeshLayer: 0
  m_StaticEditorFlags: 0
  m_IsActive: 1
--- !u!4 &2313730539238854042
Transform:
  m_ObjectHideFlags: 0
  m_CorrespondingSourceObject: {fileID: 0}
  m_PrefabInstance: {fileID: 0}
  m_PrefabAsset: {fileID: 0}
  m_GameObject: {fileID: 4928149348852411727}
  serializedVersion: 2
  m_LocalRotation: {x: -0, y: -0, z: -0, w: 1}
  m_LocalPosition: {x: -19.95629, y: 0, z: 0.18635798}
  m_LocalScale: {x: 1, y: 1, z: 1}
  m_ConstrainProportionsScale: 0
  m_Children: []
  m_Father: {fileID: 7478599027478121342}
  m_LocalEulerAnglesHint: {x: 0, y: 0, z: 0}
--- !u!114 &3628630041125375035
MonoBehaviour:
  m_ObjectHideFlags: 0
  m_CorrespondingSourceObject: {fileID: 0}
  m_PrefabInstance: {fileID: 0}
  m_PrefabAsset: {fileID: 0}
  m_GameObject: {fileID: 4928149348852411727}
  m_Enabled: 1
  m_EditorHideFlags: 0
  m_Script: {fileID: 11500000, guid: b38e306fe34fd844db92015e96ed647d, type: 3}
  m_Name: 
  m_EditorClassIdentifier: 
  serializationData:
    SerializedFormat: 2
    SerializedBytes: 
    ReferencedUnityObjects: []
    SerializedBytesString: 
    Prefab: {fileID: 0}
    PrefabModificationsReferencedUnityObjects: []
    PrefabModifications: []
    SerializationNodes: []
  _udonSharpBackingUdonBehaviour: {fileID: 5929568488962144587}
  _maxLogLevel: 4
  _logger: {fileID: 0}
--- !u!114 &5929568488962144587
MonoBehaviour:
  m_ObjectHideFlags: 0
  m_CorrespondingSourceObject: {fileID: 0}
  m_PrefabInstance: {fileID: 0}
  m_PrefabAsset: {fileID: 0}
  m_GameObject: {fileID: 4928149348852411727}
  m_Enabled: 1
  m_EditorHideFlags: 0
  m_Script: {fileID: 11500000, guid: 45115577ef41a5b4ca741ed302693907, type: 3}
  m_Name: 
  m_EditorClassIdentifier: 
  interactTextPlacement: {fileID: 0}
  interactText: Use
  interactTextGO: {fileID: 0}
  proximity: 2
  SynchronizePosition: 0
  AllowCollisionOwnershipTransfer: 0
  Reliable: 0
  _syncMethod: 3
  serializedProgramAsset: {fileID: 0}
  programSource: {fileID: 11400000, guid: 271473fa6da89404181a3a567bbc3cc1, type: 2}
  serializedPublicVariablesBytesString: Ai8AAAAAATIAAABWAFIAQwAuAFUAZABvAG4ALgBDAG8AbQBtAG8AbgAuAFUAZABvAG4AVgBhAHIAaQBhAGIAbABlAFQAYQBiAGwAZQAsACAAVgBSAEMALgBVAGQAbwBuAC4AQwBvAG0AbQBvAG4AAAAAAAYBAAAAAAAAACcBBAAAAHQAeQBwAGUAAWgAAABTAHkAcwB0AGUAbQAuAEMAbwBsAGwAZQBjAHQAaQBvAG4AcwAuAEcAZQBuAGUAcgBpAGMALgBMAGkAcwB0AGAAMQBbAFsAVgBSAEMALgBVAGQAbwBuAC4AQwBvAG0AbQBvAG4ALgBJAG4AdABlAHIAZgBhAGMAZQBzAC4ASQBVAGQAbwBuAFYAYQByAGkAYQBiAGwAZQAsACAAVgBSAEMALgBVAGQAbwBuAC4AQwBvAG0AbQBvAG4AXQBdACwAIABtAHMAYwBvAHIAbABpAGIAAQEJAAAAVgBhAHIAaQBhAGIAbABlAHMALwEAAAABaAAAAFMAeQBzAHQAZQBtAC4AQwBvAGwAbABlAGMAdABpAG8AbgBzAC4ARwBlAG4AZQByAGkAYwAuAEwAaQBzAHQAYAAxAFsAWwBWAFIAQwAuAFUAZABvAG4ALgBDAG8AbQBtAG8AbgAuAEkAbgB0AGUAcgBmAGEAYwBlAHMALgBJAFUAZABvAG4AVgBhAHIAaQBhAGIAbABlACwAIABWAFIAQwAuAFUAZABvAG4ALgBDAG8AbQBtAG8AbgBdAF0ALAAgAG0AcwBjAG8AcgBsAGkAYgABAAAABgEAAAAAAAAAAi8CAAAAAUkAAABWAFIAQwAuAFUAZABvAG4ALgBDAG8AbQBtAG8AbgAuAFUAZABvAG4AVgBhAHIAaQBhAGIAbABlAGAAMQBbAFsAUwB5AHMAdABlAG0ALgBJAG4AdAAzADIALAAgAG0AcwBjAG8AcgBsAGkAYgBdAF0ALAAgAFYAUgBDAC4AVQBkAG8AbgAuAEMAbwBtAG0AbwBuAAIAAAAGAgAAAAAAAAAnAQQAAAB0AHkAcABlAAEXAAAAUwB5AHMAdABlAG0ALgBTAHQAcgBpAG4AZwAsACAAbQBzAGMAbwByAGwAaQBiACcBCgAAAFMAeQBtAGIAbwBsAE4AYQBtAGUAAR8AAABfAF8AXwBVAGQAbwBuAFMAaABhAHIAcABCAGUAaABhAHYAaQBvAHUAcgBWAGUAcgBzAGkAbwBuAF8AXwBfACcBBAAAAHQAeQBwAGUAARYAAABTAHkAcwB0AGUAbQAuAEkAbgB0ADMAMgAsACAAbQBzAGMAbwByAGwAaQBiABcBBQAAAFYAYQBsAHUAZQACAAAABwUHBQcF
  publicVariablesUnityEngineObjects: []
  publicVariablesSerializationDataFormat: 0
--- !u!1 &5188750010240789890
GameObject:
  m_ObjectHideFlags: 0
  m_CorrespondingSourceObject: {fileID: 0}
  m_PrefabInstance: {fileID: 0}
  m_PrefabAsset: {fileID: 0}
  serializedVersion: 6
  m_Component:
  - component: {fileID: 7770035754106521535}
  - component: {fileID: 1073192534412331599}
  - component: {fileID: 4834477653319959405}
  m_Layer: 8
  m_Name: AVProHQ Center
  m_TagString: Untagged
  m_Icon: {fileID: 0}
  m_NavMeshLayer: 0
  m_StaticEditorFlags: 0
  m_IsActive: 1
--- !u!4 &7770035754106521535
Transform:
  m_ObjectHideFlags: 0
  m_CorrespondingSourceObject: {fileID: 0}
  m_PrefabInstance: {fileID: 0}
  m_PrefabAsset: {fileID: 0}
  m_GameObject: {fileID: 5188750010240789890}
  serializedVersion: 2
  m_LocalRotation: {x: -0, y: -0, z: -0, w: 1}
  m_LocalPosition: {x: 0, y: 1, z: 0}
  m_LocalScale: {x: 1, y: 1, z: 1}
  m_ConstrainProportionsScale: 0
  m_Children: []
  m_Father: {fileID: 439952705267208362}
  m_LocalEulerAnglesHint: {x: 0, y: 0, z: 0}
--- !u!114 &1073192534412331599
MonoBehaviour:
  m_ObjectHideFlags: 0
  m_CorrespondingSourceObject: {fileID: 0}
  m_PrefabInstance: {fileID: 0}
  m_PrefabAsset: {fileID: 0}
  m_GameObject: {fileID: 5188750010240789890}
  m_Enabled: 1
  m_EditorHideFlags: 0
  m_Script: {fileID: 1361866905, guid: 661092b4961be7145bfbe56e1e62337b, type: 3}
  m_Name: 
  m_EditorClassIdentifier: 
  videoPlayer: {fileID: 646947441220242886}
  mode: 3
--- !u!82 &4834477653319959405
AudioSource:
  m_ObjectHideFlags: 0
  m_CorrespondingSourceObject: {fileID: 0}
  m_PrefabInstance: {fileID: 0}
  m_PrefabAsset: {fileID: 0}
  m_GameObject: {fileID: 5188750010240789890}
  m_Enabled: 1
  serializedVersion: 4
  OutputAudioMixerGroup: {fileID: 0}
  m_audioClip: {fileID: 0}
  m_PlayOnAwake: 1
  m_Volume: 1
  m_Pitch: 1
  Loop: 0
  Mute: 0
  Spatialize: 1
  SpatializePostEffects: 0
  Priority: 128
  DopplerLevel: 0
  MinDistance: 0.4734173
  MaxDistance: 6.5
  Pan2D: 0
  rolloffMode: 2
  BypassEffects: 0
  BypassListenerEffects: 0
  BypassReverbZones: 0
  rolloffCustomCurve:
    serializedVersion: 2
    m_Curve:
    - serializedVersion: 3
      time: 0
      value: 1
      inSlope: 0
      outSlope: 0
      tangentMode: 0
      weightedMode: 0
      inWeight: 0.33333334
      outWeight: 0.33333334
    - serializedVersion: 3
      time: 0.69646186
      value: 0.49618387
      inSlope: -2.0728443
      outSlope: -2.0728443
      tangentMode: 0
      weightedMode: 0
      inWeight: 0.041733496
      outWeight: 0.17920901
    - serializedVersion: 3
      time: 0.85173845
      value: 0.10109827
      inSlope: -1.4955534
      outSlope: -1.4955534
      tangentMode: 0
      weightedMode: 0
      inWeight: 0.56713176
      outWeight: 0.5719908
    - serializedVersion: 3
      time: 1
      value: 0
      inSlope: -0.27076796
      outSlope: -0.27076796
      tangentMode: 0
      weightedMode: 0
      inWeight: 0.56083983
      outWeight: 0.33333334
    m_PreInfinity: 2
    m_PostInfinity: 2
    m_RotationOrder: 4
  panLevelCustomCurve:
    serializedVersion: 2
    m_Curve:
    - serializedVersion: 3
      time: 0
      value: 1
      inSlope: 0
      outSlope: 0
      tangentMode: 0
      weightedMode: 0
      inWeight: 0.33333334
      outWeight: 0.33333334
    m_PreInfinity: 2
    m_PostInfinity: 2
    m_RotationOrder: 4
  spreadCustomCurve:
    serializedVersion: 2
    m_Curve:
    - serializedVersion: 3
      time: 0
      value: 1
      inSlope: 0
      outSlope: 0
      tangentMode: 0
      weightedMode: 0
      inWeight: 0.33333334
      outWeight: 0.33333334
    m_PreInfinity: 2
    m_PostInfinity: 2
    m_RotationOrder: 4
  reverbZoneMixCustomCurve:
    serializedVersion: 2
    m_Curve:
    - serializedVersion: 3
      time: 0
      value: 0.5
      inSlope: 0
      outSlope: 0
      tangentMode: 0
      weightedMode: 0
      inWeight: 0.33333334
      outWeight: 0.33333334
    m_PreInfinity: 2
    m_PostInfinity: 2
    m_RotationOrder: 4
--- !u!1 &5275466005847707505
GameObject:
  m_ObjectHideFlags: 0
  m_CorrespondingSourceObject: {fileID: 0}
  m_PrefabInstance: {fileID: 0}
  m_PrefabAsset: {fileID: 0}
  serializedVersion: 6
  m_Component:
  - component: {fileID: 7478599027478121342}
  m_Layer: 8
  m_Name: Internal
  m_TagString: Untagged
  m_Icon: {fileID: 0}
  m_NavMeshLayer: 0
  m_StaticEditorFlags: 0
  m_IsActive: 1
--- !u!4 &7478599027478121342
Transform:
  m_ObjectHideFlags: 0
  m_CorrespondingSourceObject: {fileID: 0}
  m_PrefabInstance: {fileID: 0}
  m_PrefabAsset: {fileID: 0}
  m_GameObject: {fileID: 5275466005847707505}
  serializedVersion: 2
  m_LocalRotation: {x: 0, y: 0, z: 0, w: 1}
  m_LocalPosition: {x: 0, y: 0, z: 0}
  m_LocalScale: {x: 1, y: 1, z: 1}
  m_ConstrainProportionsScale: 0
  m_Children:
  - {fileID: 6445127457970357431}
  - {fileID: 2313730539238854042}
  - {fileID: 646947441220242884}
  - {fileID: 1421010445907452997}
  - {fileID: 628860837990050252}
  m_Father: {fileID: 646947440622140124}
  m_LocalEulerAnglesHint: {x: 0, y: 0, z: 0}
--- !u!1 &5667336403702812763
GameObject:
  m_ObjectHideFlags: 0
  m_CorrespondingSourceObject: {fileID: 0}
  m_PrefabInstance: {fileID: 0}
  m_PrefabAsset: {fileID: 0}
  serializedVersion: 6
  m_Component:
  - component: {fileID: 5667336403702812764}
  m_Layer: 8
  m_Name: Room
  m_TagString: Untagged
  m_Icon: {fileID: 0}
  m_NavMeshLayer: 0
  m_StaticEditorFlags: 0
  m_IsActive: 1
--- !u!4 &5667336403702812764
Transform:
  m_ObjectHideFlags: 0
  m_CorrespondingSourceObject: {fileID: 0}
  m_PrefabInstance: {fileID: 0}
  m_PrefabAsset: {fileID: 0}
  m_GameObject: {fileID: 5667336403702812763}
  serializedVersion: 2
  m_LocalRotation: {x: 0, y: 0, z: 0, w: 1}
  m_LocalPosition: {x: 0, y: 0.25, z: 0}
  m_LocalScale: {x: 1, y: 1, z: 1}
  m_ConstrainProportionsScale: 0
  m_Children:
  - {fileID: 646947441628438977}
  - {fileID: 439952705267208362}
  m_Father: {fileID: 646947440622140124}
  m_LocalEulerAnglesHint: {x: 0, y: 0, z: 0}
--- !u!1 &7195509569503269426
GameObject:
  m_ObjectHideFlags: 0
  m_CorrespondingSourceObject: {fileID: 0}
  m_PrefabInstance: {fileID: 0}
  m_PrefabAsset: {fileID: 0}
  serializedVersion: 6
  m_Component:
  - component: {fileID: 439952705267208362}
  m_Layer: 8
  m_Name: Speakers
  m_TagString: Untagged
  m_Icon: {fileID: 0}
  m_NavMeshLayer: 0
  m_StaticEditorFlags: 0
  m_IsActive: 1
--- !u!4 &439952705267208362
Transform:
  m_ObjectHideFlags: 0
  m_CorrespondingSourceObject: {fileID: 0}
  m_PrefabInstance: {fileID: 0}
  m_PrefabAsset: {fileID: 0}
  m_GameObject: {fileID: 7195509569503269426}
  serializedVersion: 2
  m_LocalRotation: {x: 0, y: 0, z: 0, w: 1}
  m_LocalPosition: {x: 0, y: 0, z: 0}
  m_LocalScale: {x: 1, y: 1, z: 1}
  m_ConstrainProportionsScale: 0
  m_Children:
  - {fileID: 7995857805560967961}
  - {fileID: 3796194775177018141}
  - {fileID: 646947442137106062}
  - {fileID: 7770035754106521535}
  - {fileID: 646947441716498422}
  - {fileID: 1559482281950361776}
  - {fileID: 2493128118888666905}
  - {fileID: 7249597626346865315}
  m_Father: {fileID: 5667336403702812764}
  m_LocalEulerAnglesHint: {x: 0, y: 0, z: 0}
--- !u!1 &7683802617359739380
GameObject:
  m_ObjectHideFlags: 0
  m_CorrespondingSourceObject: {fileID: 0}
  m_PrefabInstance: {fileID: 0}
  m_PrefabAsset: {fileID: 0}
  serializedVersion: 6
  m_Component:
  - component: {fileID: 7995857805560967961}
  - component: {fileID: 1651382294310704722}
  - component: {fileID: 6458096458672407186}
  m_Layer: 8
  m_Name: AVProHQ Stereo
  m_TagString: Untagged
  m_Icon: {fileID: 0}
  m_NavMeshLayer: 0
  m_StaticEditorFlags: 0
  m_IsActive: 1
--- !u!4 &7995857805560967961
Transform:
  m_ObjectHideFlags: 0
  m_CorrespondingSourceObject: {fileID: 0}
  m_PrefabInstance: {fileID: 0}
  m_PrefabAsset: {fileID: 0}
  m_GameObject: {fileID: 7683802617359739380}
  serializedVersion: 2
  m_LocalRotation: {x: -0, y: -0, z: -0, w: 1}
  m_LocalPosition: {x: 0, y: 1, z: 0}
  m_LocalScale: {x: 1, y: 1, z: 1}
  m_ConstrainProportionsScale: 0
  m_Children: []
  m_Father: {fileID: 439952705267208362}
  m_LocalEulerAnglesHint: {x: 0, y: 0, z: 0}
--- !u!114 &1651382294310704722
MonoBehaviour:
  m_ObjectHideFlags: 0
  m_CorrespondingSourceObject: {fileID: 0}
  m_PrefabInstance: {fileID: 0}
  m_PrefabAsset: {fileID: 0}
  m_GameObject: {fileID: 7683802617359739380}
  m_Enabled: 1
  m_EditorHideFlags: 0
  m_Script: {fileID: 1361866905, guid: 661092b4961be7145bfbe56e1e62337b, type: 3}
  m_Name: 
  m_EditorClassIdentifier: 
  videoPlayer: {fileID: 646947441220242886}
  mode: 0
--- !u!82 &6458096458672407186
AudioSource:
  m_ObjectHideFlags: 0
  m_CorrespondingSourceObject: {fileID: 0}
  m_PrefabInstance: {fileID: 0}
  m_PrefabAsset: {fileID: 0}
  m_GameObject: {fileID: 7683802617359739380}
  m_Enabled: 1
  serializedVersion: 4
  OutputAudioMixerGroup: {fileID: 0}
  m_audioClip: {fileID: 0}
  m_PlayOnAwake: 1
  m_Volume: 1
  m_Pitch: 1
  Loop: 0
  Mute: 0
  Spatialize: 0
  SpatializePostEffects: 0
  Priority: 128
  DopplerLevel: 0
  MinDistance: 0.4734173
  MaxDistance: 6.5
  Pan2D: 0
  rolloffMode: 2
  BypassEffects: 0
  BypassListenerEffects: 0
  BypassReverbZones: 0
  rolloffCustomCurve:
    serializedVersion: 2
    m_Curve:
    - serializedVersion: 3
      time: 0
      value: 1
      inSlope: 0
      outSlope: 0
      tangentMode: 0
      weightedMode: 0
      inWeight: 0.33333334
      outWeight: 0.33333334
    - serializedVersion: 3
      time: 0.69646186
      value: 0.49618387
      inSlope: -2.0728443
      outSlope: -2.0728443
      tangentMode: 0
      weightedMode: 0
      inWeight: 0.041733496
      outWeight: 0.17920901
    - serializedVersion: 3
      time: 0.85173845
      value: 0.10109827
      inSlope: -1.4955534
      outSlope: -1.4955534
      tangentMode: 0
      weightedMode: 0
      inWeight: 0.56713176
      outWeight: 0.5719908
    - serializedVersion: 3
      time: 1
      value: 0
      inSlope: -0.27076796
      outSlope: -0.27076796
      tangentMode: 0
      weightedMode: 0
      inWeight: 0.56083983
      outWeight: 0.33333334
    m_PreInfinity: 2
    m_PostInfinity: 2
    m_RotationOrder: 4
  panLevelCustomCurve:
    serializedVersion: 2
    m_Curve:
    - serializedVersion: 3
      time: 0
      value: 0
      inSlope: 0
      outSlope: 0
      tangentMode: 0
      weightedMode: 0
      inWeight: 0.33333334
      outWeight: 0.33333334
    m_PreInfinity: 2
    m_PostInfinity: 2
    m_RotationOrder: 4
  spreadCustomCurve:
    serializedVersion: 2
    m_Curve:
    - serializedVersion: 3
      time: 0
      value: 1
      inSlope: 0
      outSlope: 0
      tangentMode: 0
      weightedMode: 0
      inWeight: 0.33333334
      outWeight: 0.33333334
    m_PreInfinity: 2
    m_PostInfinity: 2
    m_RotationOrder: 4
  reverbZoneMixCustomCurve:
    serializedVersion: 2
    m_Curve:
    - serializedVersion: 3
      time: 0
      value: 0.5
      inSlope: 0
      outSlope: 0
      tangentMode: 0
      weightedMode: 0
      inWeight: 0.33333334
      outWeight: 0.33333334
    m_PreInfinity: 2
    m_PostInfinity: 2
    m_RotationOrder: 4
--- !u!1 &7709137187144436356
GameObject:
  m_ObjectHideFlags: 0
  m_CorrespondingSourceObject: {fileID: 0}
  m_PrefabInstance: {fileID: 0}
  m_PrefabAsset: {fileID: 0}
  serializedVersion: 6
  m_Component:
  - component: {fileID: 628860837990050252}
  - component: {fileID: 3264226316873840712}
  - component: {fileID: 2237575078198753647}
  - component: {fileID: 187903434547027658}
  - component: {fileID: 595781264882587433}
  - component: {fileID: 8278637919907526609}
  m_Layer: 8
  m_Name: UnityVideo
  m_TagString: Untagged
  m_Icon: {fileID: 0}
  m_NavMeshLayer: 0
  m_StaticEditorFlags: 0
  m_IsActive: 0
--- !u!4 &628860837990050252
Transform:
  m_ObjectHideFlags: 0
  m_CorrespondingSourceObject: {fileID: 0}
  m_PrefabInstance: {fileID: 0}
  m_PrefabAsset: {fileID: 0}
  m_GameObject: {fileID: 7709137187144436356}
  serializedVersion: 2
  m_LocalRotation: {x: 0, y: 0, z: 0, w: 1}
  m_LocalPosition: {x: 0, y: 0, z: 0}
  m_LocalScale: {x: 1, y: 1, z: 1}
  m_ConstrainProportionsScale: 0
  m_Children: []
  m_Father: {fileID: 7478599027478121342}
  m_LocalEulerAnglesHint: {x: 0, y: 0, z: 0}
--- !u!114 &3264226316873840712
MonoBehaviour:
  m_ObjectHideFlags: 0
  m_CorrespondingSourceObject: {fileID: 0}
  m_PrefabInstance: {fileID: 0}
  m_PrefabAsset: {fileID: 0}
  m_GameObject: {fileID: 7709137187144436356}
  m_Enabled: 1
  m_EditorHideFlags: 0
  m_Script: {fileID: 11500000, guid: 50a79e026e55cb040a96beb72e202645, type: 3}
  m_Name: 
  m_EditorClassIdentifier: 
  serializationData:
    SerializedFormat: 2
    SerializedBytes: 
    ReferencedUnityObjects: []
    SerializedBytesString: 
    Prefab: {fileID: 0}
    PrefabModificationsReferencedUnityObjects: []
    PrefabModifications: []
    SerializationNodes: []
  _udonSharpBackingUdonBehaviour: {fileID: 8278637919907526609}
  _maxLogLevel: 4
  _logger: {fileID: 0}
  customLabel: Unity Video
  autoManageVolume: 1
  autoManageMute: 1
  screens: []
  spatialSpeakers:
  - {fileID: 2971116361624862227}
  managedSpatialVolume: 01
  managedSpatialMute: 01
  stereoSpeakers:
  - {fileID: 2971116361624862227}
  managedStereoVolume: 01
  managedStereoMute: 01
  isAVPro: 0
  matRenderer: {fileID: 0}
--- !u!114 &2237575078198753647
MonoBehaviour:
  m_ObjectHideFlags: 0
  m_CorrespondingSourceObject: {fileID: 0}
  m_PrefabInstance: {fileID: 0}
  m_PrefabAsset: {fileID: 0}
  m_GameObject: {fileID: 7709137187144436356}
  m_Enabled: 1
  m_EditorHideFlags: 0
  m_Script: {fileID: -560078975, guid: 661092b4961be7145bfbe56e1e62337b, type: 3}
  m_Name: 
  m_EditorClassIdentifier: 
  EnableAutomaticResync: 0
  videoURL:
    url: 
  autoPlay: 0
  loop: 0
  renderMode: 1
  targetTexture: {fileID: 0}
  targetMaterialRenderer: {fileID: 187903434547027658}
  targetMaterialProperty: _MainTex
  aspectRatio: 0
  targetAudioSources:
  - {fileID: 2971116361624862227}
  maximumResolution: 4096
--- !u!23 &187903434547027658
MeshRenderer:
  m_ObjectHideFlags: 0
  m_CorrespondingSourceObject: {fileID: 0}
  m_PrefabInstance: {fileID: 0}
  m_PrefabAsset: {fileID: 0}
  m_GameObject: {fileID: 7709137187144436356}
  m_Enabled: 0
  m_CastShadows: 0
  m_ReceiveShadows: 0
  m_DynamicOccludee: 1
  m_StaticShadowCaster: 0
  m_MotionVectors: 2
  m_LightProbeUsage: 0
  m_ReflectionProbeUsage: 0
  m_RayTracingMode: 2
  m_RayTraceProcedural: 0
  m_RenderingLayerMask: 1
  m_RendererPriority: 0
  m_Materials:
  - {fileID: 0}
  m_StaticBatchInfo:
    firstSubMesh: 0
    subMeshCount: 0
  m_StaticBatchRoot: {fileID: 0}
  m_ProbeAnchor: {fileID: 0}
  m_LightProbeVolumeOverride: {fileID: 0}
  m_ScaleInLightmap: 1
  m_ReceiveGI: 1
  m_PreserveUVs: 0
  m_IgnoreNormalsForChartDetection: 0
  m_ImportantGI: 0
  m_StitchLightmapSeams: 1
  m_SelectedEditorRenderState: 3
  m_MinimumChartSize: 4
  m_AutoUVMaxDistance: 0.5
  m_AutoUVMaxAngle: 89
  m_LightmapParameters: {fileID: 0}
  m_SortingLayerID: 0
  m_SortingLayer: 0
  m_SortingOrder: 0
  m_AdditionalVertexStreams: {fileID: 0}
--- !u!95 &595781264882587433
Animator:
  serializedVersion: 5
  m_ObjectHideFlags: 0
  m_CorrespondingSourceObject: {fileID: 0}
  m_PrefabInstance: {fileID: 0}
  m_PrefabAsset: {fileID: 0}
  m_GameObject: {fileID: 7709137187144436356}
  m_Enabled: 1
  m_Avatar: {fileID: 0}
  m_Controller: {fileID: 9100000, guid: ab04c11cdee66e44cb627cbe1cda2439, type: 2}
  m_CullingMode: 0
  m_UpdateMode: 0
  m_ApplyRootMotion: 0
  m_LinearVelocityBlending: 0
  m_StabilizeFeet: 0
  m_WarningMessage: 
  m_HasTransformHierarchy: 1
  m_AllowConstantClipSamplingOptimization: 1
  m_KeepAnimatorStateOnDisable: 0
  m_WriteDefaultValuesOnDisable: 0
--- !u!114 &8278637919907526609
MonoBehaviour:
  m_ObjectHideFlags: 0
  m_CorrespondingSourceObject: {fileID: 0}
  m_PrefabInstance: {fileID: 0}
  m_PrefabAsset: {fileID: 0}
  m_GameObject: {fileID: 7709137187144436356}
  m_Enabled: 1
  m_EditorHideFlags: 0
  m_Script: {fileID: 11500000, guid: 45115577ef41a5b4ca741ed302693907, type: 3}
  m_Name: 
  m_EditorClassIdentifier: 
  interactTextPlacement: {fileID: 0}
  interactText: Use
  interactTextGO: {fileID: 0}
  proximity: 2
  SynchronizePosition: 0
  AllowCollisionOwnershipTransfer: 0
  Reliable: 0
  _syncMethod: 0
  serializedProgramAsset: {fileID: 11400000, guid: 9d97da8aac596384ba9db3249c74094a,
    type: 2}
  programSource: {fileID: 11400000, guid: 4441ca2fa614aad4b82e0296e1fc8af5, type: 2}
  serializedPublicVariablesBytesString: Ai8AAAAAATIAAABWAFIAQwAuAFUAZABvAG4ALgBDAG8AbQBtAG8AbgAuAFUAZABvAG4AVgBhAHIAaQBhAGIAbABlAFQAYQBiAGwAZQAsACAAVgBSAEMALgBVAGQAbwBuAC4AQwBvAG0AbQBvAG4AAAAAAAYBAAAAAAAAACcBBAAAAHQAeQBwAGUAAWgAAABTAHkAcwB0AGUAbQAuAEMAbwBsAGwAZQBjAHQAaQBvAG4AcwAuAEcAZQBuAGUAcgBpAGMALgBMAGkAcwB0AGAAMQBbAFsAVgBSAEMALgBVAGQAbwBuAC4AQwBvAG0AbQBvAG4ALgBJAG4AdABlAHIAZgBhAGMAZQBzAC4ASQBVAGQAbwBuAFYAYQByAGkAYQBiAGwAZQAsACAAVgBSAEMALgBVAGQAbwBuAC4AQwBvAG0AbQBvAG4AXQBdACwAIABtAHMAYwBvAHIAbABpAGIAAQEJAAAAVgBhAHIAaQBhAGIAbABlAHMALwEAAAABaAAAAFMAeQBzAHQAZQBtAC4AQwBvAGwAbABlAGMAdABpAG8AbgBzAC4ARwBlAG4AZQByAGkAYwAuAEwAaQBzAHQAYAAxAFsAWwBWAFIAQwAuAFUAZABvAG4ALgBDAG8AbQBtAG8AbgAuAEkAbgB0AGUAcgBmAGEAYwBlAHMALgBJAFUAZABvAG4AVgBhAHIAaQBhAGIAbABlACwAIABWAFIAQwAuAFUAZABvAG4ALgBDAG8AbQBtAG8AbgBdAF0ALAAgAG0AcwBjAG8AcgBsAGkAYgABAAAABgEAAAAAAAAAAi8CAAAAAUkAAABWAFIAQwAuAFUAZABvAG4ALgBDAG8AbQBtAG8AbgAuAFUAZABvAG4AVgBhAHIAaQBhAGIAbABlAGAAMQBbAFsAUwB5AHMAdABlAG0ALgBJAG4AdAAzADIALAAgAG0AcwBjAG8AcgBsAGkAYgBdAF0ALAAgAFYAUgBDAC4AVQBkAG8AbgAuAEMAbwBtAG0AbwBuAAIAAAAGAgAAAAAAAAAnAQQAAAB0AHkAcABlAAEXAAAAUwB5AHMAdABlAG0ALgBTAHQAcgBpAG4AZwAsACAAbQBzAGMAbwByAGwAaQBiACcBCgAAAFMAeQBtAGIAbwBsAE4AYQBtAGUAAR8AAABfAF8AXwBVAGQAbwBuAFMAaABhAHIAcABCAGUAaABhAHYAaQBvAHUAcgBWAGUAcgBzAGkAbwBuAF8AXwBfACcBBAAAAHQAeQBwAGUAARYAAABTAHkAcwB0AGUAbQAuAEkAbgB0ADMAMgAsACAAbQBzAGMAbwByAGwAaQBiABcBBQAAAFYAYQBsAHUAZQACAAAABwUHBQcF
  publicVariablesUnityEngineObjects: []
  publicVariablesSerializationDataFormat: 0
--- !u!1 &8830723460305868621
GameObject:
  m_ObjectHideFlags: 0
  m_CorrespondingSourceObject: {fileID: 0}
  m_PrefabInstance: {fileID: 0}
  m_PrefabAsset: {fileID: 0}
  serializedVersion: 6
  m_Component:
  - component: {fileID: 1421010445907452997}
  - component: {fileID: 5814323775435178703}
  - component: {fileID: 6597634348402739843}
  - component: {fileID: 4293718383130037721}
  - component: {fileID: 8621027662696555678}
  - component: {fileID: 2348588797090899423}
  m_Layer: 8
  m_Name: AVProNonLL
  m_TagString: Untagged
  m_Icon: {fileID: 0}
  m_NavMeshLayer: 0
  m_StaticEditorFlags: 0
  m_IsActive: 0
--- !u!4 &1421010445907452997
Transform:
  m_ObjectHideFlags: 0
  m_CorrespondingSourceObject: {fileID: 0}
  m_PrefabInstance: {fileID: 0}
  m_PrefabAsset: {fileID: 0}
  m_GameObject: {fileID: 8830723460305868621}
  serializedVersion: 2
  m_LocalRotation: {x: -0, y: -0, z: -0, w: 1}
  m_LocalPosition: {x: 0, y: 0, z: 0}
  m_LocalScale: {x: 1, y: 1, z: 1}
  m_ConstrainProportionsScale: 0
  m_Children: []
  m_Father: {fileID: 7478599027478121342}
  m_LocalEulerAnglesHint: {x: 0, y: 0, z: 0}
--- !u!114 &5814323775435178703
MonoBehaviour:
  m_ObjectHideFlags: 0
  m_CorrespondingSourceObject: {fileID: 0}
  m_PrefabInstance: {fileID: 0}
  m_PrefabAsset: {fileID: 0}
  m_GameObject: {fileID: 8830723460305868621}
  m_Enabled: 1
  m_EditorHideFlags: 0
  m_Script: {fileID: 11500000, guid: 50a79e026e55cb040a96beb72e202645, type: 3}
  m_Name: 
  m_EditorClassIdentifier: 
  serializationData:
    SerializedFormat: 2
    SerializedBytes: 
    ReferencedUnityObjects: []
    SerializedBytesString: 
    Prefab: {fileID: 0}
    PrefabModificationsReferencedUnityObjects: []
    PrefabModifications: []
    SerializationNodes: []
  _udonSharpBackingUdonBehaviour: {fileID: 2348588797090899423}
  _maxLogLevel: 4
  _logger: {fileID: 0}
  customLabel: AVPro Buffered
  autoManageVolume: 1
  autoManageMute: 1
  screens: []
  spatialSpeakers:
  - {fileID: 8982916221815648936}
  - {fileID: 6175716805485823302}
  managedSpatialVolume: 0101
  managedSpatialMute: 0101
  stereoSpeakers:
  - {fileID: 8982916221815648936}
  - {fileID: 6175716805485823302}
  managedStereoVolume: 0101
  managedStereoMute: 0101
  isAVPro: 0
  matRenderer: {fileID: 0}
--- !u!114 &6597634348402739843
MonoBehaviour:
  m_ObjectHideFlags: 0
  m_CorrespondingSourceObject: {fileID: 0}
  m_PrefabInstance: {fileID: 0}
  m_PrefabAsset: {fileID: 0}
  m_GameObject: {fileID: 8830723460305868621}
  m_Enabled: 1
  m_EditorHideFlags: 0
  m_Script: {fileID: -1743794047, guid: 661092b4961be7145bfbe56e1e62337b, type: 3}
  m_Name: 
  m_EditorClassIdentifier: 
  EnableAutomaticResync: 0
  videoURL:
    url: 
  autoPlay: 0
  loop: 0
  maximumResolution: 4096
  useLowLatency: 0
--- !u!114 &4293718383130037721
MonoBehaviour:
  m_ObjectHideFlags: 0
  m_CorrespondingSourceObject: {fileID: 0}
  m_PrefabInstance: {fileID: 0}
  m_PrefabAsset: {fileID: 0}
  m_GameObject: {fileID: 8830723460305868621}
  m_Enabled: 1
  m_EditorHideFlags: 0
  m_Script: {fileID: -1889044836, guid: 661092b4961be7145bfbe56e1e62337b, type: 3}
  m_Name: 
  m_EditorClassIdentifier: 
  videoPlayer: {fileID: 6597634348402739843}
  materialIndex: 0
  textureProperty: _MainTex
  useSharedMaterial: 0
--- !u!23 &8621027662696555678
MeshRenderer:
  m_ObjectHideFlags: 0
  m_CorrespondingSourceObject: {fileID: 0}
  m_PrefabInstance: {fileID: 0}
  m_PrefabAsset: {fileID: 0}
  m_GameObject: {fileID: 8830723460305868621}
  m_Enabled: 0
  m_CastShadows: 0
  m_ReceiveShadows: 0
  m_DynamicOccludee: 0
  m_StaticShadowCaster: 0
  m_MotionVectors: 2
  m_LightProbeUsage: 0
  m_ReflectionProbeUsage: 0
  m_RayTracingMode: 2
  m_RayTraceProcedural: 0
  m_RenderingLayerMask: 1
  m_RendererPriority: 0
  m_Materials:
  - {fileID: 0}
  m_StaticBatchInfo:
    firstSubMesh: 0
    subMeshCount: 0
  m_StaticBatchRoot: {fileID: 0}
  m_ProbeAnchor: {fileID: 0}
  m_LightProbeVolumeOverride: {fileID: 0}
  m_ScaleInLightmap: 1
  m_ReceiveGI: 1
  m_PreserveUVs: 0
  m_IgnoreNormalsForChartDetection: 0
  m_ImportantGI: 0
  m_StitchLightmapSeams: 0
  m_SelectedEditorRenderState: 3
  m_MinimumChartSize: 4
  m_AutoUVMaxDistance: 0.5
  m_AutoUVMaxAngle: 89
  m_LightmapParameters: {fileID: 0}
  m_SortingLayerID: 0
  m_SortingLayer: 0
  m_SortingOrder: 0
  m_AdditionalVertexStreams: {fileID: 0}
--- !u!114 &2348588797090899423
MonoBehaviour:
  m_ObjectHideFlags: 0
  m_CorrespondingSourceObject: {fileID: 0}
  m_PrefabInstance: {fileID: 0}
  m_PrefabAsset: {fileID: 0}
  m_GameObject: {fileID: 8830723460305868621}
  m_Enabled: 1
  m_EditorHideFlags: 0
  m_Script: {fileID: 11500000, guid: 45115577ef41a5b4ca741ed302693907, type: 3}
  m_Name: 
  m_EditorClassIdentifier: 
  interactTextPlacement: {fileID: 0}
  interactText: Use
  interactTextGO: {fileID: 0}
  proximity: 2
  SynchronizePosition: 0
  AllowCollisionOwnershipTransfer: 0
  Reliable: 0
  _syncMethod: 0
  serializedProgramAsset: {fileID: 11400000, guid: 9d97da8aac596384ba9db3249c74094a,
    type: 2}
  programSource: {fileID: 11400000, guid: 4441ca2fa614aad4b82e0296e1fc8af5, type: 2}
  serializedPublicVariablesBytesString: Ai8AAAAAATIAAABWAFIAQwAuAFUAZABvAG4ALgBDAG8AbQBtAG8AbgAuAFUAZABvAG4AVgBhAHIAaQBhAGIAbABlAFQAYQBiAGwAZQAsACAAVgBSAEMALgBVAGQAbwBuAC4AQwBvAG0AbQBvAG4AAAAAAAYBAAAAAAAAACcBBAAAAHQAeQBwAGUAAWgAAABTAHkAcwB0AGUAbQAuAEMAbwBsAGwAZQBjAHQAaQBvAG4AcwAuAEcAZQBuAGUAcgBpAGMALgBMAGkAcwB0AGAAMQBbAFsAVgBSAEMALgBVAGQAbwBuAC4AQwBvAG0AbQBvAG4ALgBJAG4AdABlAHIAZgBhAGMAZQBzAC4ASQBVAGQAbwBuAFYAYQByAGkAYQBiAGwAZQAsACAAVgBSAEMALgBVAGQAbwBuAC4AQwBvAG0AbQBvAG4AXQBdACwAIABtAHMAYwBvAHIAbABpAGIAAQEJAAAAVgBhAHIAaQBhAGIAbABlAHMALwEAAAABaAAAAFMAeQBzAHQAZQBtAC4AQwBvAGwAbABlAGMAdABpAG8AbgBzAC4ARwBlAG4AZQByAGkAYwAuAEwAaQBzAHQAYAAxAFsAWwBWAFIAQwAuAFUAZABvAG4ALgBDAG8AbQBtAG8AbgAuAEkAbgB0AGUAcgBmAGEAYwBlAHMALgBJAFUAZABvAG4AVgBhAHIAaQBhAGIAbABlACwAIABWAFIAQwAuAFUAZABvAG4ALgBDAG8AbQBtAG8AbgBdAF0ALAAgAG0AcwBjAG8AcgBsAGkAYgABAAAABgEAAAAAAAAAAi8CAAAAAUkAAABWAFIAQwAuAFUAZABvAG4ALgBDAG8AbQBtAG8AbgAuAFUAZABvAG4AVgBhAHIAaQBhAGIAbABlAGAAMQBbAFsAUwB5AHMAdABlAG0ALgBJAG4AdAAzADIALAAgAG0AcwBjAG8AcgBsAGkAYgBdAF0ALAAgAFYAUgBDAC4AVQBkAG8AbgAuAEMAbwBtAG0AbwBuAAIAAAAGAgAAAAAAAAAnAQQAAAB0AHkAcABlAAEXAAAAUwB5AHMAdABlAG0ALgBTAHQAcgBpAG4AZwAsACAAbQBzAGMAbwByAGwAaQBiACcBCgAAAFMAeQBtAGIAbwBsAE4AYQBtAGUAAR8AAABfAF8AXwBVAGQAbwBuAFMAaABhAHIAcABCAGUAaABhAHYAaQBvAHUAcgBWAGUAcgBzAGkAbwBuAF8AXwBfACcBBAAAAHQAeQBwAGUAARYAAABTAHkAcwB0AGUAbQAuAEkAbgB0ADMAMgAsACAAbQBzAGMAbwByAGwAaQBiABcBBQAAAFYAYQBsAHUAZQACAAAABwUHBQcF
  publicVariablesUnityEngineObjects: []
  publicVariablesSerializationDataFormat: 0
--- !u!1001 &7441820824934039010
PrefabInstance:
  m_ObjectHideFlags: 0
  serializedVersion: 2
  m_Modification:
    serializedVersion: 3
    m_TransformParent: {fileID: 646947440622140124}
    m_Modifications:
    - target: {fileID: 1068123511812886016, guid: 48af4fdbbabe1e545885c07fc8fc0b64,
        type: 3}
      propertyPath: m_AnchoredPosition.y
      value: -3.699997
      objectReference: {fileID: 0}
    - target: {fileID: 1087165647853830753, guid: 48af4fdbbabe1e545885c07fc8fc0b64,
        type: 3}
      propertyPath: m_OnValueChanged.m_PersistentCalls.m_Calls.Array.data[0].m_TargetAssemblyTypeName
      value: VRC.Udon.UdonBehaviour, VRC.Udon
      objectReference: {fileID: 0}
    - target: {fileID: 1087165647974106990, guid: 48af4fdbbabe1e545885c07fc8fc0b64,
        type: 3}
      propertyPath: m_AnchorMax.y
      value: 0
      objectReference: {fileID: 0}
    - target: {fileID: 1087165648081309681, guid: 48af4fdbbabe1e545885c07fc8fc0b64,
        type: 3}
      propertyPath: m_AnchorMax.y
      value: 0
      objectReference: {fileID: 0}
    - target: {fileID: 1087165648533019820, guid: 48af4fdbbabe1e545885c07fc8fc0b64,
        type: 3}
      propertyPath: serializedProgramAsset
      value: 
      objectReference: {fileID: 11400000, guid: ce951b64caf97a8458d2cc267a4347ad,
        type: 2}
    - target: {fileID: 1087165648533019821, guid: 48af4fdbbabe1e545885c07fc8fc0b64,
        type: 3}
      propertyPath: m_Pivot.x
      value: 0.5
      objectReference: {fileID: 0}
    - target: {fileID: 1087165648533019821, guid: 48af4fdbbabe1e545885c07fc8fc0b64,
        type: 3}
      propertyPath: m_Pivot.y
      value: 0
      objectReference: {fileID: 0}
    - target: {fileID: 1087165648533019821, guid: 48af4fdbbabe1e545885c07fc8fc0b64,
        type: 3}
      propertyPath: m_RootOrder
      value: 2
      objectReference: {fileID: 0}
    - target: {fileID: 1087165648533019821, guid: 48af4fdbbabe1e545885c07fc8fc0b64,
        type: 3}
      propertyPath: m_AnchorMax.x
      value: 0
      objectReference: {fileID: 0}
    - target: {fileID: 1087165648533019821, guid: 48af4fdbbabe1e545885c07fc8fc0b64,
        type: 3}
      propertyPath: m_AnchorMax.y
      value: 0
      objectReference: {fileID: 0}
    - target: {fileID: 1087165648533019821, guid: 48af4fdbbabe1e545885c07fc8fc0b64,
        type: 3}
      propertyPath: m_AnchorMin.x
      value: 0
      objectReference: {fileID: 0}
    - target: {fileID: 1087165648533019821, guid: 48af4fdbbabe1e545885c07fc8fc0b64,
        type: 3}
      propertyPath: m_AnchorMin.y
      value: 0
      objectReference: {fileID: 0}
    - target: {fileID: 1087165648533019821, guid: 48af4fdbbabe1e545885c07fc8fc0b64,
        type: 3}
      propertyPath: m_SizeDelta.x
      value: 600
      objectReference: {fileID: 0}
    - target: {fileID: 1087165648533019821, guid: 48af4fdbbabe1e545885c07fc8fc0b64,
        type: 3}
      propertyPath: m_SizeDelta.y
      value: 80
      objectReference: {fileID: 0}
    - target: {fileID: 1087165648533019821, guid: 48af4fdbbabe1e545885c07fc8fc0b64,
        type: 3}
      propertyPath: m_LocalPosition.x
      value: 0
      objectReference: {fileID: 0}
    - target: {fileID: 1087165648533019821, guid: 48af4fdbbabe1e545885c07fc8fc0b64,
        type: 3}
      propertyPath: m_LocalPosition.y
      value: 0
      objectReference: {fileID: 0}
    - target: {fileID: 1087165648533019821, guid: 48af4fdbbabe1e545885c07fc8fc0b64,
        type: 3}
      propertyPath: m_LocalPosition.z
      value: 0
      objectReference: {fileID: 0}
    - target: {fileID: 1087165648533019821, guid: 48af4fdbbabe1e545885c07fc8fc0b64,
        type: 3}
      propertyPath: m_LocalRotation.w
      value: 1
      objectReference: {fileID: 0}
    - target: {fileID: 1087165648533019821, guid: 48af4fdbbabe1e545885c07fc8fc0b64,
        type: 3}
      propertyPath: m_LocalRotation.x
      value: -0
      objectReference: {fileID: 0}
    - target: {fileID: 1087165648533019821, guid: 48af4fdbbabe1e545885c07fc8fc0b64,
        type: 3}
      propertyPath: m_LocalRotation.y
      value: -0
      objectReference: {fileID: 0}
    - target: {fileID: 1087165648533019821, guid: 48af4fdbbabe1e545885c07fc8fc0b64,
        type: 3}
      propertyPath: m_LocalRotation.z
      value: -0
      objectReference: {fileID: 0}
    - target: {fileID: 1087165648533019821, guid: 48af4fdbbabe1e545885c07fc8fc0b64,
        type: 3}
      propertyPath: m_AnchoredPosition.x
      value: 0
      objectReference: {fileID: 0}
    - target: {fileID: 1087165648533019821, guid: 48af4fdbbabe1e545885c07fc8fc0b64,
        type: 3}
      propertyPath: m_AnchoredPosition.y
      value: 0.109
      objectReference: {fileID: 0}
    - target: {fileID: 1087165648533019821, guid: 48af4fdbbabe1e545885c07fc8fc0b64,
        type: 3}
      propertyPath: m_LocalEulerAnglesHint.x
      value: 0
      objectReference: {fileID: 0}
    - target: {fileID: 1087165648533019821, guid: 48af4fdbbabe1e545885c07fc8fc0b64,
        type: 3}
      propertyPath: m_LocalEulerAnglesHint.y
      value: 0
      objectReference: {fileID: 0}
    - target: {fileID: 1087165648533019821, guid: 48af4fdbbabe1e545885c07fc8fc0b64,
        type: 3}
      propertyPath: m_LocalEulerAnglesHint.z
      value: 0
      objectReference: {fileID: 0}
    - target: {fileID: 1087165648533019822, guid: 48af4fdbbabe1e545885c07fc8fc0b64,
        type: 3}
      propertyPath: m_Name
      value: MediaControls CP2 Red (Cyberpunk)
      objectReference: {fileID: 0}
    - target: {fileID: 1087165649290492109, guid: 48af4fdbbabe1e545885c07fc8fc0b64,
        type: 3}
      propertyPath: m_OnValueChanged.m_PersistentCalls.m_Calls.Array.data[0].m_TargetAssemblyTypeName
      value: VRC.Udon.UdonBehaviour, VRC.Udon
      objectReference: {fileID: 0}
    - target: {fileID: 1087165649369277525, guid: 48af4fdbbabe1e545885c07fc8fc0b64,
        type: 3}
      propertyPath: m_RootOrder
      value: 1
      objectReference: {fileID: 0}
    - target: {fileID: 1087165649764139127, guid: 48af4fdbbabe1e545885c07fc8fc0b64,
        type: 3}
      propertyPath: m_AnchorMax.x
      value: 0
      objectReference: {fileID: 0}
    - target: {fileID: 1087165649764139127, guid: 48af4fdbbabe1e545885c07fc8fc0b64,
        type: 3}
      propertyPath: m_AnchorMax.y
      value: 0
      objectReference: {fileID: 0}
    - target: {fileID: 1124248728387562569, guid: 48af4fdbbabe1e545885c07fc8fc0b64,
        type: 3}
      propertyPath: m_RootOrder
      value: 4
      objectReference: {fileID: 0}
    - target: {fileID: 2453845230098380897, guid: 48af4fdbbabe1e545885c07fc8fc0b64,
        type: 3}
      propertyPath: m_RootOrder
      value: 5
      objectReference: {fileID: 0}
    - target: {fileID: 2788733015605889223, guid: 48af4fdbbabe1e545885c07fc8fc0b64,
        type: 3}
      propertyPath: m_IsActive
      value: 0
      objectReference: {fileID: 0}
    - target: {fileID: 2788733015688648433, guid: 48af4fdbbabe1e545885c07fc8fc0b64,
        type: 3}
      propertyPath: m_RootOrder
      value: 2
      objectReference: {fileID: 0}
    - target: {fileID: 2788733016745211661, guid: 48af4fdbbabe1e545885c07fc8fc0b64,
        type: 3}
      propertyPath: m_AnchorMax.x
      value: 0.33333334
      objectReference: {fileID: 0}
    - target: {fileID: 2788733016745211661, guid: 48af4fdbbabe1e545885c07fc8fc0b64,
        type: 3}
      propertyPath: m_AnchorMax.y
      value: 1
      objectReference: {fileID: 0}
    - target: {fileID: 2788733016745211661, guid: 48af4fdbbabe1e545885c07fc8fc0b64,
        type: 3}
      propertyPath: m_AnchorMin.x
      value: 0.33333334
      objectReference: {fileID: 0}
    - target: {fileID: 2788733016860236973, guid: 48af4fdbbabe1e545885c07fc8fc0b64,
        type: 3}
      propertyPath: m_RootOrder
      value: 0
      objectReference: {fileID: 0}
    - target: {fileID: 2788733017382481998, guid: 48af4fdbbabe1e545885c07fc8fc0b64,
        type: 3}
      propertyPath: m_OnValueChanged.m_PersistentCalls.m_Calls.Array.data[0].m_TargetAssemblyTypeName
      value: VRC.Udon.UdonBehaviour, VRC.Udon
      objectReference: {fileID: 0}
    - target: {fileID: 2788733017625735051, guid: 48af4fdbbabe1e545885c07fc8fc0b64,
        type: 3}
      propertyPath: m_AnchorMax.x
      value: 0.33333334
      objectReference: {fileID: 0}
    - target: {fileID: 2788733017625735051, guid: 48af4fdbbabe1e545885c07fc8fc0b64,
        type: 3}
      propertyPath: m_AnchorMax.y
      value: 1
      objectReference: {fileID: 0}
    - target: {fileID: 2788733017636859368, guid: 48af4fdbbabe1e545885c07fc8fc0b64,
        type: 3}
      propertyPath: onValueChanged.m_PersistentCalls.m_Calls.Array.data[0].m_TargetAssemblyTypeName
      value: UnityEngine.GameObject, UnityEngine
      objectReference: {fileID: 0}
    - target: {fileID: 2788733017636859368, guid: 48af4fdbbabe1e545885c07fc8fc0b64,
        type: 3}
      propertyPath: onValueChanged.m_PersistentCalls.m_Calls.Array.data[1].m_TargetAssemblyTypeName
      value: UnityEngine.AudioSource, UnityEngine
      objectReference: {fileID: 0}
    - target: {fileID: 5816017303214779682, guid: 48af4fdbbabe1e545885c07fc8fc0b64,
        type: 3}
      propertyPath: onValueChanged.m_PersistentCalls.m_Calls.Array.data[0].m_TargetAssemblyTypeName
      value: UnityEngine.GameObject, UnityEngine
      objectReference: {fileID: 0}
    - target: {fileID: 6537856569401272444, guid: 48af4fdbbabe1e545885c07fc8fc0b64,
        type: 3}
      propertyPath: serializationData.Prefab
      value: 
      objectReference: {fileID: 6537856569401272444, guid: 48af4fdbbabe1e545885c07fc8fc0b64,
        type: 3}
    - target: {fileID: 7157150207346763819, guid: 48af4fdbbabe1e545885c07fc8fc0b64,
        type: 3}
      propertyPath: m_RootOrder
      value: 3
      objectReference: {fileID: 0}
    - target: {fileID: 7878933748660667164, guid: 48af4fdbbabe1e545885c07fc8fc0b64,
        type: 3}
      propertyPath: tv
      value: 
      objectReference: {fileID: 8203375018157316966}
    - target: {fileID: 7878933748660667164, guid: 48af4fdbbabe1e545885c07fc8fc0b64,
        type: 3}
      propertyPath: serializationData.Prefab
      value: 
      objectReference: {fileID: 7878933748660667164, guid: 48af4fdbbabe1e545885c07fc8fc0b64,
        type: 3}
    - target: {fileID: 9077869354627306356, guid: 48af4fdbbabe1e545885c07fc8fc0b64,
        type: 3}
      propertyPath: m_AnchorMax.x
      value: 0
      objectReference: {fileID: 0}
    - target: {fileID: 9077869354627306356, guid: 48af4fdbbabe1e545885c07fc8fc0b64,
        type: 3}
      propertyPath: m_AnchorMax.y
      value: 0
      objectReference: {fileID: 0}
    - target: {fileID: 9077869354627306356, guid: 48af4fdbbabe1e545885c07fc8fc0b64,
        type: 3}
      propertyPath: m_AnchorMin.x
      value: 0
      objectReference: {fileID: 0}
    m_RemovedComponents: []
    m_RemovedGameObjects: []
    m_AddedGameObjects: []
    m_AddedComponents: []
  m_SourcePrefab: {fileID: 100100000, guid: 48af4fdbbabe1e545885c07fc8fc0b64, type: 3}
--- !u!224 &7516732048734511439 stripped
RectTransform:
  m_CorrespondingSourceObject: {fileID: 1087165648533019821, guid: 48af4fdbbabe1e545885c07fc8fc0b64,
    type: 3}
  m_PrefabInstance: {fileID: 7441820824934039010}
  m_PrefabAsset: {fileID: 0}
