%YAML 1.1
%TAG !u! tag:unity3d.com,2011:
--- !u!1 &401230223933373120
GameObject:
  m_ObjectHideFlags: 0
  m_CorrespondingSourceObject: {fileID: 0}
  m_PrefabInstance: {fileID: 0}
  m_PrefabAsset: {fileID: 0}
  serializedVersion: 6
  m_Component:
  - component: {fileID: 7055237159893555733}
  - component: {fileID: 8335673316980267956}
  - component: {fileID: 1422915812530417348}
  m_Layer: 8
  m_Name: TVData
  m_TagString: Untagged
  m_Icon: {fileID: 0}
  m_NavMeshLayer: 0
  m_StaticEditorFlags: 0
  m_IsActive: 1
--- !u!4 &7055237159893555733
Transform:
  m_ObjectHideFlags: 0
  m_CorrespondingSourceObject: {fileID: 0}
  m_PrefabInstance: {fileID: 0}
  m_PrefabAsset: {fileID: 0}
  m_GameObject: {fileID: 401230223933373120}
  serializedVersion: 2
  m_LocalRotation: {x: -0, y: -0, z: -0, w: 1}
  m_LocalPosition: {x: -19.95629, y: 0, z: 0.18635798}
  m_LocalScale: {x: 1, y: 1, z: 1}
  m_ConstrainProportionsScale: 0
  m_Children: []
  m_Father: {fileID: 2755195040076864753}
  m_LocalEulerAnglesHint: {x: 0, y: 0, z: 0}
--- !u!114 &8335673316980267956
MonoBehaviour:
  m_ObjectHideFlags: 0
  m_CorrespondingSourceObject: {fileID: 0}
  m_PrefabInstance: {fileID: 0}
  m_PrefabAsset: {fileID: 0}
  m_GameObject: {fileID: 401230223933373120}
  m_Enabled: 1
  m_EditorHideFlags: 0
  m_Script: {fileID: 11500000, guid: b38e306fe34fd844db92015e96ed647d, type: 3}
  m_Name: 
  m_EditorClassIdentifier: 
  serializationData:
    SerializedFormat: 2
    SerializedBytes: 
    ReferencedUnityObjects: []
    SerializedBytesString: 
    Prefab: {fileID: 0}
    PrefabModificationsReferencedUnityObjects: []
    PrefabModifications: []
    SerializationNodes: []
  _udonSharpBackingUdonBehaviour: {fileID: 1422915812530417348}
  _maxLogLevel: 4
  _logger: {fileID: 0}
--- !u!114 &1422915812530417348
MonoBehaviour:
  m_ObjectHideFlags: 0
  m_CorrespondingSourceObject: {fileID: 0}
  m_PrefabInstance: {fileID: 0}
  m_PrefabAsset: {fileID: 0}
  m_GameObject: {fileID: 401230223933373120}
  m_Enabled: 1
  m_EditorHideFlags: 0
  m_Script: {fileID: 11500000, guid: 45115577ef41a5b4ca741ed302693907, type: 3}
  m_Name: 
  m_EditorClassIdentifier: 
  interactTextPlacement: {fileID: 0}
  interactText: Use
  interactTextGO: {fileID: 0}
  proximity: 2
  SynchronizePosition: 0
  AllowCollisionOwnershipTransfer: 0
  Reliable: 0
  _syncMethod: 3
  serializedProgramAsset: {fileID: 11400000, guid: 6c078ae6b62bfe14d8398ba10e0bf1e7,
    type: 2}
  programSource: {fileID: 11400000, guid: 271473fa6da89404181a3a567bbc3cc1, type: 2}
  serializedPublicVariablesBytesString: Ai8AAAAAATIAAABWAFIAQwAuAFUAZABvAG4ALgBDAG8AbQBtAG8AbgAuAFUAZABvAG4AVgBhAHIAaQBhAGIAbABlAFQAYQBiAGwAZQAsACAAVgBSAEMALgBVAGQAbwBuAC4AQwBvAG0AbQBvAG4AAAAAAAYBAAAAAAAAACcBBAAAAHQAeQBwAGUAAWgAAABTAHkAcwB0AGUAbQAuAEMAbwBsAGwAZQBjAHQAaQBvAG4AcwAuAEcAZQBuAGUAcgBpAGMALgBMAGkAcwB0AGAAMQBbAFsAVgBSAEMALgBVAGQAbwBuAC4AQwBvAG0AbQBvAG4ALgBJAG4AdABlAHIAZgBhAGMAZQBzAC4ASQBVAGQAbwBuAFYAYQByAGkAYQBiAGwAZQAsACAAVgBSAEMALgBVAGQAbwBuAC4AQwBvAG0AbQBvAG4AXQBdACwAIABtAHMAYwBvAHIAbABpAGIAAQEJAAAAVgBhAHIAaQBhAGIAbABlAHMALwEAAAABaAAAAFMAeQBzAHQAZQBtAC4AQwBvAGwAbABlAGMAdABpAG8AbgBzAC4ARwBlAG4AZQByAGkAYwAuAEwAaQBzAHQAYAAxAFsAWwBWAFIAQwAuAFUAZABvAG4ALgBDAG8AbQBtAG8AbgAuAEkAbgB0AGUAcgBmAGEAYwBlAHMALgBJAFUAZABvAG4AVgBhAHIAaQBhAGIAbABlACwAIABWAFIAQwAuAFUAZABvAG4ALgBDAG8AbQBtAG8AbgBdAF0ALAAgAG0AcwBjAG8AcgBsAGkAYgABAAAABgEAAAAAAAAAAi8CAAAAAUkAAABWAFIAQwAuAFUAZABvAG4ALgBDAG8AbQBtAG8AbgAuAFUAZABvAG4AVgBhAHIAaQBhAGIAbABlAGAAMQBbAFsAUwB5AHMAdABlAG0ALgBJAG4AdAAzADIALAAgAG0AcwBjAG8AcgBsAGkAYgBdAF0ALAAgAFYAUgBDAC4AVQBkAG8AbgAuAEMAbwBtAG0AbwBuAAIAAAAGAgAAAAAAAAAnAQQAAAB0AHkAcABlAAEXAAAAUwB5AHMAdABlAG0ALgBTAHQAcgBpAG4AZwAsACAAbQBzAGMAbwByAGwAaQBiACcBCgAAAFMAeQBtAGIAbwBsAE4AYQBtAGUAAR8AAABfAF8AXwBVAGQAbwBuAFMAaABhAHIAcABCAGUAaABhAHYAaQBvAHUAcgBWAGUAcgBzAGkAbwBuAF8AXwBfACcBBAAAAHQAeQBwAGUAARYAAABTAHkAcwB0AGUAbQAuAEkAbgB0ADMAMgAsACAAbQBzAGMAbwByAGwAaQBiABcBBQAAAFYAYQBsAHUAZQACAAAABwUHBQcF
  publicVariablesUnityEngineObjects: []
  publicVariablesSerializationDataFormat: 0
--- !u!1 &631349584344045822
GameObject:
  m_ObjectHideFlags: 0
  m_CorrespondingSourceObject: {fileID: 0}
  m_PrefabInstance: {fileID: 0}
  m_PrefabAsset: {fileID: 0}
  serializedVersion: 6
  m_Component:
  - component: {fileID: 2755195040076864753}
  m_Layer: 8
  m_Name: Internal
  m_TagString: Untagged
  m_Icon: {fileID: 0}
  m_NavMeshLayer: 0
  m_StaticEditorFlags: 0
  m_IsActive: 1
--- !u!4 &2755195040076864753
Transform:
  m_ObjectHideFlags: 0
  m_CorrespondingSourceObject: {fileID: 0}
  m_PrefabInstance: {fileID: 0}
  m_PrefabAsset: {fileID: 0}
  m_GameObject: {fileID: 631349584344045822}
  serializedVersion: 2
  m_LocalRotation: {x: 0, y: 0, z: 0, w: 1}
  m_LocalPosition: {x: 0, y: 0, z: 0}
  m_LocalScale: {x: 1, y: 1, z: 1}
  m_ConstrainProportionsScale: 0
  m_Children:
  - {fileID: 1766686753045467960}
  - {fileID: 7055237159893555733}
  - {fileID: 5264516917919390283}
  - {fileID: 5265203281660614881}
  - {fileID: 5282459451001175619}
  m_Father: {fileID: 5264516918386634067}
  m_LocalEulerAnglesHint: {x: 0, y: 0, z: 0}
--- !u!1 &1104319882545186772
GameObject:
  m_ObjectHideFlags: 0
  m_CorrespondingSourceObject: {fileID: 0}
  m_PrefabInstance: {fileID: 0}
  m_PrefabAsset: {fileID: 0}
  serializedVersion: 6
  m_Component:
  - component: {fileID: 1104319882545186771}
  m_Layer: 8
  m_Name: Room
  m_TagString: Untagged
  m_Icon: {fileID: 0}
  m_NavMeshLayer: 0
  m_StaticEditorFlags: 0
  m_IsActive: 1
--- !u!4 &1104319882545186771
Transform:
  m_ObjectHideFlags: 0
  m_CorrespondingSourceObject: {fileID: 0}
  m_PrefabInstance: {fileID: 0}
  m_PrefabAsset: {fileID: 0}
  m_GameObject: {fileID: 1104319882545186772}
  serializedVersion: 2
  m_LocalRotation: {x: 0, y: 0, z: 0, w: 1}
  m_LocalPosition: {x: 0, y: 0.25, z: 0}
  m_LocalScale: {x: 1, y: 1, z: 1}
  m_ConstrainProportionsScale: 0
  m_Children:
  - {fileID: 5264516918316185166}
  - {fileID: 5183150436008707877}
  - {fileID: 3001071369896343232}
  m_Father: {fileID: 5264516918386634067}
  m_LocalEulerAnglesHint: {x: 0, y: 0, z: 0}
--- !u!1 &2463095917544457661
GameObject:
  m_ObjectHideFlags: 0
  m_CorrespondingSourceObject: {fileID: 0}
  m_PrefabInstance: {fileID: 0}
  m_PrefabAsset: {fileID: 0}
  serializedVersion: 6
  m_Component:
  - component: {fileID: 5183150436008707877}
  m_Layer: 8
  m_Name: Speakers
  m_TagString: Untagged
  m_Icon: {fileID: 0}
  m_NavMeshLayer: 0
  m_StaticEditorFlags: 0
  m_IsActive: 1
--- !u!4 &5183150436008707877
Transform:
  m_ObjectHideFlags: 0
  m_CorrespondingSourceObject: {fileID: 0}
  m_PrefabInstance: {fileID: 0}
  m_PrefabAsset: {fileID: 0}
  m_GameObject: {fileID: 2463095917544457661}
  serializedVersion: 2
  m_LocalRotation: {x: 0, y: 0, z: 0, w: 1}
  m_LocalPosition: {x: 0, y: 0, z: 0}
  m_LocalScale: {x: 1, y: 1, z: 1}
  m_ConstrainProportionsScale: 0
  m_Children:
  - {fileID: 7123378429773888564}
  - {fileID: 4824370551854431366}
  - {fileID: 5264516919892332801}
  - {fileID: 2725399926691707466}
  - {fileID: 5264516919469627513}
  - {fileID: 8388939810658565248}
  - {fileID: 5783209284157860902}
  - {fileID: 2697242598056318252}
  m_Father: {fileID: 1104319882545186771}
  m_LocalEulerAnglesHint: {x: 0, y: 0, z: 0}
--- !u!1 &3101117669020458251
GameObject:
  m_ObjectHideFlags: 0
  m_CorrespondingSourceObject: {fileID: 0}
  m_PrefabInstance: {fileID: 0}
  m_PrefabAsset: {fileID: 0}
  serializedVersion: 6
  m_Component:
  - component: {fileID: 5282459451001175619}
  - component: {fileID: 7541725826343834354}
  - component: {fileID: 6843307414575705824}
  - component: {fileID: 4859006136316660037}
  - component: {fileID: 5316996142334928619}
  - component: {fileID: 5310195433705930918}
  m_Layer: 8
  m_Name: UnityVideo
  m_TagString: Untagged
  m_Icon: {fileID: 0}
  m_NavMeshLayer: 0
  m_StaticEditorFlags: 0
  m_IsActive: 0
--- !u!4 &5282459451001175619
Transform:
  m_ObjectHideFlags: 0
  m_CorrespondingSourceObject: {fileID: 0}
  m_PrefabInstance: {fileID: 0}
  m_PrefabAsset: {fileID: 0}
  m_GameObject: {fileID: 3101117669020458251}
  serializedVersion: 2
  m_LocalRotation: {x: 0, y: 0, z: 0, w: 1}
  m_LocalPosition: {x: 0, y: 0, z: 0}
  m_LocalScale: {x: 1, y: 1, z: 1}
  m_ConstrainProportionsScale: 0
  m_Children: []
  m_Father: {fileID: 2755195040076864753}
  m_LocalEulerAnglesHint: {x: 0, y: 0, z: 0}
--- !u!114 &7541725826343834354
MonoBehaviour:
  m_ObjectHideFlags: 0
  m_CorrespondingSourceObject: {fileID: 0}
  m_PrefabInstance: {fileID: 0}
  m_PrefabAsset: {fileID: 0}
  m_GameObject: {fileID: 3101117669020458251}
  m_Enabled: 1
  m_EditorHideFlags: 0
  m_Script: {fileID: 11500000, guid: 50a79e026e55cb040a96beb72e202645, type: 3}
  m_Name: 
  m_EditorClassIdentifier: 
  serializationData:
    SerializedFormat: 2
    SerializedBytes: 
    ReferencedUnityObjects: []
    SerializedBytesString: 
    Prefab: {fileID: 0}
    PrefabModificationsReferencedUnityObjects: []
    PrefabModifications: []
    SerializationNodes: []
  _udonSharpBackingUdonBehaviour: {fileID: 5316996142334928619}
  _maxLogLevel: 4
  _logger: {fileID: 0}
  customLabel: Unity Video
  autoManageVolume: 1
  autoManageMute: 1
  screens: []
  spatialSpeakers:
  - {fileID: 7552184651819346332}
  managedSpatialVolume: 01
  managedSpatialMute: 01
  stereoSpeakers: []
  managedStereoVolume: 
  managedStereoMute: 
  isAVPro: 0
  matRenderer: {fileID: 4859006136316660037}
--- !u!114 &6843307414575705824
MonoBehaviour:
  m_ObjectHideFlags: 0
  m_CorrespondingSourceObject: {fileID: 0}
  m_PrefabInstance: {fileID: 0}
  m_PrefabAsset: {fileID: 0}
  m_GameObject: {fileID: 3101117669020458251}
  m_Enabled: 1
  m_EditorHideFlags: 0
  m_Script: {fileID: -560078975, guid: 661092b4961be7145bfbe56e1e62337b, type: 3}
  m_Name: 
  m_EditorClassIdentifier: 
  EnableAutomaticResync: 0
  videoURL:
    url: 
  autoPlay: 0
  loop: 0
  renderMode: 1
  targetTexture: {fileID: 0}
  targetMaterialRenderer: {fileID: 4859006136316660037}
  targetMaterialProperty: _MainTex
  aspectRatio: 0
  targetAudioSources:
  - {fileID: 7552184651819346332}
  maximumResolution: 4096
--- !u!23 &4859006136316660037
MeshRenderer:
  m_ObjectHideFlags: 0
  m_CorrespondingSourceObject: {fileID: 0}
  m_PrefabInstance: {fileID: 0}
  m_PrefabAsset: {fileID: 0}
  m_GameObject: {fileID: 3101117669020458251}
  m_Enabled: 0
  m_CastShadows: 0
  m_ReceiveShadows: 0
  m_DynamicOccludee: 1
  m_StaticShadowCaster: 0
  m_MotionVectors: 2
  m_LightProbeUsage: 0
  m_ReflectionProbeUsage: 0
  m_RayTracingMode: 2
  m_RayTraceProcedural: 0
  m_RenderingLayerMask: 1
  m_RendererPriority: 0
  m_Materials:
  - {fileID: 0}
  m_StaticBatchInfo:
    firstSubMesh: 0
    subMeshCount: 0
  m_StaticBatchRoot: {fileID: 0}
  m_ProbeAnchor: {fileID: 0}
  m_LightProbeVolumeOverride: {fileID: 0}
  m_ScaleInLightmap: 1
  m_ReceiveGI: 1
  m_PreserveUVs: 0
  m_IgnoreNormalsForChartDetection: 0
  m_ImportantGI: 0
  m_StitchLightmapSeams: 1
  m_SelectedEditorRenderState: 3
  m_MinimumChartSize: 4
  m_AutoUVMaxDistance: 0.5
  m_AutoUVMaxAngle: 89
  m_LightmapParameters: {fileID: 0}
  m_SortingLayerID: 0
  m_SortingLayer: 0
  m_SortingOrder: 0
  m_AdditionalVertexStreams: {fileID: 0}
--- !u!114 &5316996142334928619
MonoBehaviour:
  m_ObjectHideFlags: 0
  m_CorrespondingSourceObject: {fileID: 0}
  m_PrefabInstance: {fileID: 0}
  m_PrefabAsset: {fileID: 0}
  m_GameObject: {fileID: 3101117669020458251}
  m_Enabled: 1
  m_EditorHideFlags: 0
  m_Script: {fileID: 11500000, guid: 45115577ef41a5b4ca741ed302693907, type: 3}
  m_Name: 
  m_EditorClassIdentifier: 
  interactTextPlacement: {fileID: 0}
  interactText: Use
  interactTextGO: {fileID: 0}
  proximity: 2
  SynchronizePosition: 0
  AllowCollisionOwnershipTransfer: 0
  Reliable: 0
  _syncMethod: 2
  serializedProgramAsset: {fileID: 11400000, guid: 9d97da8aac596384ba9db3249c74094a,
    type: 2}
  programSource: {fileID: 11400000, guid: 4441ca2fa614aad4b82e0296e1fc8af5, type: 2}
  serializedPublicVariablesBytesString: Ai8AAAAAATIAAABWAFIAQwAuAFUAZABvAG4ALgBDAG8AbQBtAG8AbgAuAFUAZABvAG4AVgBhAHIAaQBhAGIAbABlAFQAYQBiAGwAZQAsACAAVgBSAEMALgBVAGQAbwBuAC4AQwBvAG0AbQBvAG4AAAAAAAYBAAAAAAAAACcBBAAAAHQAeQBwAGUAAWgAAABTAHkAcwB0AGUAbQAuAEMAbwBsAGwAZQBjAHQAaQBvAG4AcwAuAEcAZQBuAGUAcgBpAGMALgBMAGkAcwB0AGAAMQBbAFsAVgBSAEMALgBVAGQAbwBuAC4AQwBvAG0AbQBvAG4ALgBJAG4AdABlAHIAZgBhAGMAZQBzAC4ASQBVAGQAbwBuAFYAYQByAGkAYQBiAGwAZQAsACAAVgBSAEMALgBVAGQAbwBuAC4AQwBvAG0AbQBvAG4AXQBdACwAIABtAHMAYwBvAHIAbABpAGIAAQEJAAAAVgBhAHIAaQBhAGIAbABlAHMALwEAAAABaAAAAFMAeQBzAHQAZQBtAC4AQwBvAGwAbABlAGMAdABpAG8AbgBzAC4ARwBlAG4AZQByAGkAYwAuAEwAaQBzAHQAYAAxAFsAWwBWAFIAQwAuAFUAZABvAG4ALgBDAG8AbQBtAG8AbgAuAEkAbgB0AGUAcgBmAGEAYwBlAHMALgBJAFUAZABvAG4AVgBhAHIAaQBhAGIAbABlACwAIABWAFIAQwAuAFUAZABvAG4ALgBDAG8AbQBtAG8AbgBdAF0ALAAgAG0AcwBjAG8AcgBsAGkAYgABAAAABgEAAAAAAAAAAi8CAAAAAUkAAABWAFIAQwAuAFUAZABvAG4ALgBDAG8AbQBtAG8AbgAuAFUAZABvAG4AVgBhAHIAaQBhAGIAbABlAGAAMQBbAFsAUwB5AHMAdABlAG0ALgBJAG4AdAAzADIALAAgAG0AcwBjAG8AcgBsAGkAYgBdAF0ALAAgAFYAUgBDAC4AVQBkAG8AbgAuAEMAbwBtAG0AbwBuAAIAAAAGAgAAAAAAAAAnAQQAAAB0AHkAcABlAAEXAAAAUwB5AHMAdABlAG0ALgBTAHQAcgBpAG4AZwAsACAAbQBzAGMAbwByAGwAaQBiACcBCgAAAFMAeQBtAGIAbwBsAE4AYQBtAGUAAR8AAABfAF8AXwBVAGQAbwBuAFMAaABhAHIAcABCAGUAaABhAHYAaQBvAHUAcgBWAGUAcgBzAGkAbwBuAF8AXwBfACcBBAAAAHQAeQBwAGUAARYAAABTAHkAcwB0AGUAbQAuAEkAbgB0ADMAMgAsACAAbQBzAGMAbwByAGwAaQBiABcBBQAAAFYAYQBsAHUAZQACAAAABwUHBQcF
  publicVariablesUnityEngineObjects: []
  publicVariablesSerializationDataFormat: 0
--- !u!95 &5310195433705930918
Animator:
  serializedVersion: 5
  m_ObjectHideFlags: 0
  m_CorrespondingSourceObject: {fileID: 0}
  m_PrefabInstance: {fileID: 0}
  m_PrefabAsset: {fileID: 0}
  m_GameObject: {fileID: 3101117669020458251}
  m_Enabled: 1
  m_Avatar: {fileID: 0}
  m_Controller: {fileID: 9100000, guid: ab04c11cdee66e44cb627cbe1cda2439, type: 2}
  m_CullingMode: 0
  m_UpdateMode: 0
  m_ApplyRootMotion: 0
  m_LinearVelocityBlending: 0
  m_StabilizeFeet: 0
  m_WarningMessage: 
  m_HasTransformHierarchy: 1
  m_AllowConstantClipSamplingOptimization: 1
  m_KeepAnimatorStateOnDisable: 0
  m_WriteDefaultValuesOnDisable: 0
--- !u!1 &3463769575559364192
GameObject:
  m_ObjectHideFlags: 0
  m_CorrespondingSourceObject: {fileID: 0}
  m_PrefabInstance: {fileID: 0}
  m_PrefabAsset: {fileID: 0}
  serializedVersion: 6
  m_Component:
  - component: {fileID: 8388939810658565248}
  - component: {fileID: 1045024017400078848}
  - component: {fileID: 3648937056423739779}
  m_Layer: 8
  m_Name: AVProNonLL Stereo
  m_TagString: Untagged
  m_Icon: {fileID: 0}
  m_NavMeshLayer: 0
  m_StaticEditorFlags: 0
  m_IsActive: 1
--- !u!4 &8388939810658565248
Transform:
  m_ObjectHideFlags: 0
  m_CorrespondingSourceObject: {fileID: 0}
  m_PrefabInstance: {fileID: 0}
  m_PrefabAsset: {fileID: 0}
  m_GameObject: {fileID: 3463769575559364192}
  serializedVersion: 2
  m_LocalRotation: {x: -0, y: -0, z: -0, w: 1}
  m_LocalPosition: {x: 0, y: 1, z: 0}
  m_LocalScale: {x: 1, y: 1, z: 1}
  m_ConstrainProportionsScale: 0
  m_Children: []
  m_Father: {fileID: 5183150436008707877}
  m_LocalEulerAnglesHint: {x: 0, y: 0, z: 0}
--- !u!114 &1045024017400078848
MonoBehaviour:
  m_ObjectHideFlags: 0
  m_CorrespondingSourceObject: {fileID: 0}
  m_PrefabInstance: {fileID: 0}
  m_PrefabAsset: {fileID: 0}
  m_GameObject: {fileID: 3463769575559364192}
  m_Enabled: 1
  m_EditorHideFlags: 0
  m_Script: {fileID: 1361866905, guid: 661092b4961be7145bfbe56e1e62337b, type: 3}
  m_Name: 
  m_EditorClassIdentifier: 
  videoPlayer: {fileID: 7883230965229853846}
  mode: 0
--- !u!82 &3648937056423739779
AudioSource:
  m_ObjectHideFlags: 0
  m_CorrespondingSourceObject: {fileID: 0}
  m_PrefabInstance: {fileID: 0}
  m_PrefabAsset: {fileID: 0}
  m_GameObject: {fileID: 3463769575559364192}
  m_Enabled: 1
  serializedVersion: 4
  OutputAudioMixerGroup: {fileID: 0}
  m_audioClip: {fileID: 0}
  m_PlayOnAwake: 1
  m_Volume: 1
  m_Pitch: 1
  Loop: 0
  Mute: 0
  Spatialize: 0
  SpatializePostEffects: 0
  Priority: 128
  DopplerLevel: 0
  MinDistance: 0.4734173
  MaxDistance: 6.5
  Pan2D: 0
  rolloffMode: 2
  BypassEffects: 0
  BypassListenerEffects: 0
  BypassReverbZones: 0
  rolloffCustomCurve:
    serializedVersion: 2
    m_Curve:
    - serializedVersion: 3
      time: 0
      value: 1
      inSlope: 0
      outSlope: 0
      tangentMode: 0
      weightedMode: 0
      inWeight: 0.33333334
      outWeight: 0.33333334
    - serializedVersion: 3
      time: 0.69646186
      value: 0.49618387
      inSlope: -2.0728443
      outSlope: -2.0728443
      tangentMode: 0
      weightedMode: 0
      inWeight: 0.041733496
      outWeight: 0.17920901
    - serializedVersion: 3
      time: 0.85173845
      value: 0.10109827
      inSlope: -1.4955534
      outSlope: -1.4955534
      tangentMode: 0
      weightedMode: 0
      inWeight: 0.56713176
      outWeight: 0.5719908
    - serializedVersion: 3
      time: 1
      value: 0
      inSlope: -0.27076796
      outSlope: -0.27076796
      tangentMode: 0
      weightedMode: 0
      inWeight: 0.56083983
      outWeight: 0.33333334
    m_PreInfinity: 2
    m_PostInfinity: 2
    m_RotationOrder: 4
  panLevelCustomCurve:
    serializedVersion: 2
    m_Curve:
    - serializedVersion: 3
      time: 0
      value: 0
      inSlope: 0
      outSlope: 0
      tangentMode: 0
      weightedMode: 0
      inWeight: 0.33333334
      outWeight: 0.33333334
    m_PreInfinity: 2
    m_PostInfinity: 2
    m_RotationOrder: 4
  spreadCustomCurve:
    serializedVersion: 2
    m_Curve:
    - serializedVersion: 3
      time: 0
      value: 1
      inSlope: 0
      outSlope: 0
      tangentMode: 0
      weightedMode: 0
      inWeight: 0.33333334
      outWeight: 0.33333334
    m_PreInfinity: 2
    m_PostInfinity: 2
    m_RotationOrder: 4
  reverbZoneMixCustomCurve:
    serializedVersion: 2
    m_Curve:
    - serializedVersion: 3
      time: 0
      value: 0.5
      inSlope: 0
      outSlope: 0
      tangentMode: 0
      weightedMode: 0
      inWeight: 0.33333334
      outWeight: 0.33333334
    m_PreInfinity: 2
    m_PostInfinity: 2
    m_RotationOrder: 4
--- !u!1 &4624745430397533720
GameObject:
  m_ObjectHideFlags: 0
  m_CorrespondingSourceObject: {fileID: 0}
  m_PrefabInstance: {fileID: 0}
  m_PrefabAsset: {fileID: 0}
  serializedVersion: 6
  m_Component:
  - component: {fileID: 2697242598056318252}
  - component: {fileID: 7552184651819346332}
  m_Layer: 8
  m_Name: UnityVideo Center
  m_TagString: Untagged
  m_Icon: {fileID: 0}
  m_NavMeshLayer: 0
  m_StaticEditorFlags: 0
  m_IsActive: 1
--- !u!4 &2697242598056318252
Transform:
  m_ObjectHideFlags: 0
  m_CorrespondingSourceObject: {fileID: 0}
  m_PrefabInstance: {fileID: 0}
  m_PrefabAsset: {fileID: 0}
  m_GameObject: {fileID: 4624745430397533720}
  serializedVersion: 2
  m_LocalRotation: {x: -0, y: -0, z: -0, w: 1}
  m_LocalPosition: {x: 0.037, y: 1, z: 0}
  m_LocalScale: {x: 1, y: 1, z: 1}
  m_ConstrainProportionsScale: 0
  m_Children: []
  m_Father: {fileID: 5183150436008707877}
  m_LocalEulerAnglesHint: {x: 0, y: 0, z: 0}
--- !u!82 &7552184651819346332
AudioSource:
  m_ObjectHideFlags: 0
  m_CorrespondingSourceObject: {fileID: 0}
  m_PrefabInstance: {fileID: 0}
  m_PrefabAsset: {fileID: 0}
  m_GameObject: {fileID: 4624745430397533720}
  m_Enabled: 1
  serializedVersion: 4
  OutputAudioMixerGroup: {fileID: 0}
  m_audioClip: {fileID: 0}
  m_PlayOnAwake: 1
  m_Volume: 1
  m_Pitch: 1
  Loop: 0
  Mute: 0
  Spatialize: 1
  SpatializePostEffects: 0
  Priority: 128
  DopplerLevel: 0
  MinDistance: 0.4734173
  MaxDistance: 6.5
  Pan2D: 0
  rolloffMode: 2
  BypassEffects: 0
  BypassListenerEffects: 0
  BypassReverbZones: 0
  rolloffCustomCurve:
    serializedVersion: 2
    m_Curve:
    - serializedVersion: 3
      time: 0
      value: 1
      inSlope: 0
      outSlope: 0
      tangentMode: 0
      weightedMode: 0
      inWeight: 0.33333334
      outWeight: 0.33333334
    - serializedVersion: 3
      time: 0.69646186
      value: 0.49618387
      inSlope: -2.0728443
      outSlope: -2.0728443
      tangentMode: 0
      weightedMode: 0
      inWeight: 0.041733496
      outWeight: 0.17920901
    - serializedVersion: 3
      time: 0.85173845
      value: 0.10109827
      inSlope: -1.4955534
      outSlope: -1.4955534
      tangentMode: 0
      weightedMode: 0
      inWeight: 0.56713176
      outWeight: 0.5719908
    - serializedVersion: 3
      time: 1
      value: 0
      inSlope: -0.27076796
      outSlope: -0.27076796
      tangentMode: 0
      weightedMode: 0
      inWeight: 0.56083983
      outWeight: 0.33333334
    m_PreInfinity: 2
    m_PostInfinity: 2
    m_RotationOrder: 4
  panLevelCustomCurve:
    serializedVersion: 2
    m_Curve:
    - serializedVersion: 3
      time: 0
      value: 1
      inSlope: 0
      outSlope: 0
      tangentMode: 0
      weightedMode: 0
      inWeight: 0.33333334
      outWeight: 0.33333334
    m_PreInfinity: 2
    m_PostInfinity: 2
    m_RotationOrder: 4
  spreadCustomCurve:
    serializedVersion: 2
    m_Curve:
    - serializedVersion: 3
      time: 0
      value: 1
      inSlope: 0
      outSlope: 0
      tangentMode: 0
      weightedMode: 0
      inWeight: 0.33333334
      outWeight: 0.33333334
    m_PreInfinity: 2
    m_PostInfinity: 2
    m_RotationOrder: 4
  reverbZoneMixCustomCurve:
    serializedVersion: 2
    m_Curve:
    - serializedVersion: 3
      time: 0
      value: 0.5
      inSlope: 0
      outSlope: 0
      tangentMode: 0
      weightedMode: 0
      inWeight: 0.33333334
      outWeight: 0.33333334
    m_PreInfinity: 2
    m_PostInfinity: 2
    m_RotationOrder: 4
--- !u!1 &5244068038685721557
GameObject:
  m_ObjectHideFlags: 0
  m_CorrespondingSourceObject: {fileID: 0}
  m_PrefabInstance: {fileID: 0}
  m_PrefabAsset: {fileID: 0}
  serializedVersion: 6
  m_Component:
  - component: {fileID: 7123378429773888564}
  - component: {fileID: 3927683321315400453}
  - component: {fileID: 9065637749736781201}
  m_Layer: 8
  m_Name: AVProHQ Stereo
  m_TagString: Untagged
  m_Icon: {fileID: 0}
  m_NavMeshLayer: 0
  m_StaticEditorFlags: 0
  m_IsActive: 1
--- !u!4 &7123378429773888564
Transform:
  m_ObjectHideFlags: 0
  m_CorrespondingSourceObject: {fileID: 0}
  m_PrefabInstance: {fileID: 0}
  m_PrefabAsset: {fileID: 0}
  m_GameObject: {fileID: 5244068038685721557}
  serializedVersion: 2
  m_LocalRotation: {x: -0, y: -0, z: -0, w: 1}
  m_LocalPosition: {x: 0, y: 1, z: 0}
  m_LocalScale: {x: 1, y: 1, z: 1}
  m_ConstrainProportionsScale: 0
  m_Children: []
  m_Father: {fileID: 5183150436008707877}
  m_LocalEulerAnglesHint: {x: 0, y: 0, z: 0}
--- !u!114 &3927683321315400453
MonoBehaviour:
  m_ObjectHideFlags: 0
  m_CorrespondingSourceObject: {fileID: 0}
  m_PrefabInstance: {fileID: 0}
  m_PrefabAsset: {fileID: 0}
  m_GameObject: {fileID: 5244068038685721557}
  m_Enabled: 1
  m_EditorHideFlags: 0
  m_Script: {fileID: 1361866905, guid: 661092b4961be7145bfbe56e1e62337b, type: 3}
  m_Name: 
  m_EditorClassIdentifier: 
  videoPlayer: {fileID: 5264516917919390281}
  mode: 0
--- !u!82 &9065637749736781201
AudioSource:
  m_ObjectHideFlags: 0
  m_CorrespondingSourceObject: {fileID: 0}
  m_PrefabInstance: {fileID: 0}
  m_PrefabAsset: {fileID: 0}
  m_GameObject: {fileID: 5244068038685721557}
  m_Enabled: 1
  serializedVersion: 4
  OutputAudioMixerGroup: {fileID: 0}
  m_audioClip: {fileID: 0}
  m_PlayOnAwake: 1
  m_Volume: 1
  m_Pitch: 1
  Loop: 0
  Mute: 0
  Spatialize: 0
  SpatializePostEffects: 0
  Priority: 128
  DopplerLevel: 0
  MinDistance: 0.4734173
  MaxDistance: 6.5
  Pan2D: 0
  rolloffMode: 2
  BypassEffects: 0
  BypassListenerEffects: 0
  BypassReverbZones: 0
  rolloffCustomCurve:
    serializedVersion: 2
    m_Curve:
    - serializedVersion: 3
      time: 0
      value: 1
      inSlope: 0
      outSlope: 0
      tangentMode: 0
      weightedMode: 0
      inWeight: 0.33333334
      outWeight: 0.33333334
    - serializedVersion: 3
      time: 0.69646186
      value: 0.49618387
      inSlope: -2.0728443
      outSlope: -2.0728443
      tangentMode: 0
      weightedMode: 0
      inWeight: 0.041733496
      outWeight: 0.17920901
    - serializedVersion: 3
      time: 0.85173845
      value: 0.10109827
      inSlope: -1.4955534
      outSlope: -1.4955534
      tangentMode: 0
      weightedMode: 0
      inWeight: 0.56713176
      outWeight: 0.5719908
    - serializedVersion: 3
      time: 1
      value: 0
      inSlope: -0.27076796
      outSlope: -0.27076796
      tangentMode: 0
      weightedMode: 0
      inWeight: 0.56083983
      outWeight: 0.33333334
    m_PreInfinity: 2
    m_PostInfinity: 2
    m_RotationOrder: 4
  panLevelCustomCurve:
    serializedVersion: 2
    m_Curve:
    - serializedVersion: 3
      time: 0
      value: 0
      inSlope: 0
      outSlope: 0
      tangentMode: 0
      weightedMode: 0
      inWeight: 0.33333334
      outWeight: 0.33333334
    m_PreInfinity: 2
    m_PostInfinity: 2
    m_RotationOrder: 4
  spreadCustomCurve:
    serializedVersion: 2
    m_Curve:
    - serializedVersion: 3
      time: 0
      value: 1
      inSlope: 0
      outSlope: 0
      tangentMode: 0
      weightedMode: 0
      inWeight: 0.33333334
      outWeight: 0.33333334
    m_PreInfinity: 2
    m_PostInfinity: 2
    m_RotationOrder: 4
  reverbZoneMixCustomCurve:
    serializedVersion: 2
    m_Curve:
    - serializedVersion: 3
      time: 0
      value: 0.5
      inSlope: 0
      outSlope: 0
      tangentMode: 0
      weightedMode: 0
      inWeight: 0.33333334
      outWeight: 0.33333334
    m_PreInfinity: 2
    m_PostInfinity: 2
    m_RotationOrder: 4
--- !u!1 &5264516917919390262
GameObject:
  m_ObjectHideFlags: 0
  m_CorrespondingSourceObject: {fileID: 0}
  m_PrefabInstance: {fileID: 0}
  m_PrefabAsset: {fileID: 0}
  serializedVersion: 6
  m_Component:
  - component: {fileID: 5264516917919390283}
  - component: {fileID: 4239283706669003230}
  - component: {fileID: 5264516917919390281}
  - component: {fileID: 1671589510291829395}
  - component: {fileID: 7458404276038049882}
  - component: {fileID: 3032045418143947509}
  m_Layer: 8
  m_Name: AVProHQ
  m_TagString: Untagged
  m_Icon: {fileID: 0}
  m_NavMeshLayer: 0
  m_StaticEditorFlags: 0
  m_IsActive: 0
--- !u!4 &5264516917919390283
Transform:
  m_ObjectHideFlags: 0
  m_CorrespondingSourceObject: {fileID: 0}
  m_PrefabInstance: {fileID: 0}
  m_PrefabAsset: {fileID: 0}
  m_GameObject: {fileID: 5264516917919390262}
  serializedVersion: 2
  m_LocalRotation: {x: -0, y: -0, z: -0, w: 1}
  m_LocalPosition: {x: 0, y: 0, z: 0}
  m_LocalScale: {x: 1, y: 1, z: 1}
  m_ConstrainProportionsScale: 0
  m_Children: []
  m_Father: {fileID: 2755195040076864753}
  m_LocalEulerAnglesHint: {x: 0, y: 0, z: 0}
--- !u!114 &4239283706669003230
MonoBehaviour:
  m_ObjectHideFlags: 0
  m_CorrespondingSourceObject: {fileID: 0}
  m_PrefabInstance: {fileID: 0}
  m_PrefabAsset: {fileID: 0}
  m_GameObject: {fileID: 5264516917919390262}
  m_Enabled: 1
  m_EditorHideFlags: 0
  m_Script: {fileID: 11500000, guid: 50a79e026e55cb040a96beb72e202645, type: 3}
  m_Name: 
  m_EditorClassIdentifier: 
  serializationData:
    SerializedFormat: 2
    SerializedBytes: 
    ReferencedUnityObjects: []
    SerializedBytesString: 
    Prefab: {fileID: 0}
    PrefabModificationsReferencedUnityObjects: []
    PrefabModifications: []
    SerializationNodes: []
  _udonSharpBackingUdonBehaviour: {fileID: 3032045418143947509}
  _maxLogLevel: 4
  _logger: {fileID: 0}
  customLabel: AVPro High Quality
  autoManageVolume: 1
  autoManageMute: 1
  screens: []
  spatialSpeakers:
  - {fileID: 5264516919892332812}
  - {fileID: 5264516919469627492}
  - {fileID: 3194665512963068785}
  managedSpatialVolume: 010101
  managedSpatialMute: 010101
  stereoSpeakers:
  - {fileID: 7286699006004234570}
  - {fileID: 9065637749736781201}
  managedStereoVolume: 0101
  managedStereoMute: 0101
  isAVPro: 0
  matRenderer: {fileID: 0}
--- !u!114 &5264516917919390281
MonoBehaviour:
  m_ObjectHideFlags: 0
  m_CorrespondingSourceObject: {fileID: 0}
  m_PrefabInstance: {fileID: 0}
  m_PrefabAsset: {fileID: 0}
  m_GameObject: {fileID: 5264516917919390262}
  m_Enabled: 1
  m_EditorHideFlags: 0
  m_Script: {fileID: -1743794047, guid: 661092b4961be7145bfbe56e1e62337b, type: 3}
  m_Name: 
  m_EditorClassIdentifier: 
  EnableAutomaticResync: 0
  videoURL:
    url: 
  autoPlay: 0
  loop: 0
  maximumResolution: 4096
  useLowLatency: 1
--- !u!114 &1671589510291829395
MonoBehaviour:
  m_ObjectHideFlags: 0
  m_CorrespondingSourceObject: {fileID: 0}
  m_PrefabInstance: {fileID: 0}
  m_PrefabAsset: {fileID: 0}
  m_GameObject: {fileID: 5264516917919390262}
  m_Enabled: 1
  m_EditorHideFlags: 0
  m_Script: {fileID: -1889044836, guid: 661092b4961be7145bfbe56e1e62337b, type: 3}
  m_Name: 
  m_EditorClassIdentifier: 
  videoPlayer: {fileID: 5264516917919390281}
  materialIndex: 0
  textureProperty: _MainTex
  useSharedMaterial: 0
--- !u!23 &7458404276038049882
MeshRenderer:
  m_ObjectHideFlags: 0
  m_CorrespondingSourceObject: {fileID: 0}
  m_PrefabInstance: {fileID: 0}
  m_PrefabAsset: {fileID: 0}
  m_GameObject: {fileID: 5264516917919390262}
  m_Enabled: 0
  m_CastShadows: 0
  m_ReceiveShadows: 0
  m_DynamicOccludee: 0
  m_StaticShadowCaster: 0
  m_MotionVectors: 2
  m_LightProbeUsage: 0
  m_ReflectionProbeUsage: 0
  m_RayTracingMode: 2
  m_RayTraceProcedural: 0
  m_RenderingLayerMask: 1
  m_RendererPriority: 0
  m_Materials:
  - {fileID: 0}
  m_StaticBatchInfo:
    firstSubMesh: 0
    subMeshCount: 0
  m_StaticBatchRoot: {fileID: 0}
  m_ProbeAnchor: {fileID: 0}
  m_LightProbeVolumeOverride: {fileID: 0}
  m_ScaleInLightmap: 1
  m_ReceiveGI: 1
  m_PreserveUVs: 0
  m_IgnoreNormalsForChartDetection: 0
  m_ImportantGI: 0
  m_StitchLightmapSeams: 0
  m_SelectedEditorRenderState: 3
  m_MinimumChartSize: 4
  m_AutoUVMaxDistance: 0.5
  m_AutoUVMaxAngle: 89
  m_LightmapParameters: {fileID: 0}
  m_SortingLayerID: 0
  m_SortingLayer: 0
  m_SortingOrder: 0
  m_AdditionalVertexStreams: {fileID: 0}
--- !u!114 &3032045418143947509
MonoBehaviour:
  m_ObjectHideFlags: 0
  m_CorrespondingSourceObject: {fileID: 0}
  m_PrefabInstance: {fileID: 0}
  m_PrefabAsset: {fileID: 0}
  m_GameObject: {fileID: 5264516917919390262}
  m_Enabled: 1
  m_EditorHideFlags: 0
  m_Script: {fileID: 11500000, guid: 45115577ef41a5b4ca741ed302693907, type: 3}
  m_Name: 
  m_EditorClassIdentifier: 
  interactTextPlacement: {fileID: 0}
  interactText: Use
  interactTextGO: {fileID: 0}
  proximity: 2
  SynchronizePosition: 0
  AllowCollisionOwnershipTransfer: 0
  Reliable: 0
  _syncMethod: 0
  serializedProgramAsset: {fileID: 11400000, guid: 9d97da8aac596384ba9db3249c74094a,
    type: 2}
  programSource: {fileID: 11400000, guid: 4441ca2fa614aad4b82e0296e1fc8af5, type: 2}
  serializedPublicVariablesBytesString: Ai8AAAAAATIAAABWAFIAQwAuAFUAZABvAG4ALgBDAG8AbQBtAG8AbgAuAFUAZABvAG4AVgBhAHIAaQBhAGIAbABlAFQAYQBiAGwAZQAsACAAVgBSAEMALgBVAGQAbwBuAC4AQwBvAG0AbQBvAG4AAAAAAAYBAAAAAAAAACcBBAAAAHQAeQBwAGUAAWgAAABTAHkAcwB0AGUAbQAuAEMAbwBsAGwAZQBjAHQAaQBvAG4AcwAuAEcAZQBuAGUAcgBpAGMALgBMAGkAcwB0AGAAMQBbAFsAVgBSAEMALgBVAGQAbwBuAC4AQwBvAG0AbQBvAG4ALgBJAG4AdABlAHIAZgBhAGMAZQBzAC4ASQBVAGQAbwBuAFYAYQByAGkAYQBiAGwAZQAsACAAVgBSAEMALgBVAGQAbwBuAC4AQwBvAG0AbQBvAG4AXQBdACwAIABtAHMAYwBvAHIAbABpAGIAAQEJAAAAVgBhAHIAaQBhAGIAbABlAHMALwEAAAABaAAAAFMAeQBzAHQAZQBtAC4AQwBvAGwAbABlAGMAdABpAG8AbgBzAC4ARwBlAG4AZQByAGkAYwAuAEwAaQBzAHQAYAAxAFsAWwBWAFIAQwAuAFUAZABvAG4ALgBDAG8AbQBtAG8AbgAuAEkAbgB0AGUAcgBmAGEAYwBlAHMALgBJAFUAZABvAG4AVgBhAHIAaQBhAGIAbABlACwAIABWAFIAQwAuAFUAZABvAG4ALgBDAG8AbQBtAG8AbgBdAF0ALAAgAG0AcwBjAG8AcgBsAGkAYgABAAAABgEAAAAAAAAAAi8CAAAAAUkAAABWAFIAQwAuAFUAZABvAG4ALgBDAG8AbQBtAG8AbgAuAFUAZABvAG4AVgBhAHIAaQBhAGIAbABlAGAAMQBbAFsAUwB5AHMAdABlAG0ALgBJAG4AdAAzADIALAAgAG0AcwBjAG8AcgBsAGkAYgBdAF0ALAAgAFYAUgBDAC4AVQBkAG8AbgAuAEMAbwBtAG0AbwBuAAIAAAAGAgAAAAAAAAAnAQQAAAB0AHkAcABlAAEXAAAAUwB5AHMAdABlAG0ALgBTAHQAcgBpAG4AZwAsACAAbQBzAGMAbwByAGwAaQBiACcBCgAAAFMAeQBtAGIAbwBsAE4AYQBtAGUAAR8AAABfAF8AXwBVAGQAbwBuAFMAaABhAHIAcABCAGUAaABhAHYAaQBvAHUAcgBWAGUAcgBzAGkAbwBuAF8AXwBfACcBBAAAAHQAeQBwAGUAARYAAABTAHkAcwB0AGUAbQAuAEkAbgB0ADMAMgAsACAAbQBzAGMAbwByAGwAaQBiABcBBQAAAFYAYQBsAHUAZQACAAAABwUHBQcF
  publicVariablesUnityEngineObjects: []
  publicVariablesSerializationDataFormat: 0
--- !u!1 &5264516918316185160
GameObject:
  m_ObjectHideFlags: 0
  m_CorrespondingSourceObject: {fileID: 0}
  m_PrefabInstance: {fileID: 0}
  m_PrefabAsset: {fileID: 0}
  serializedVersion: 6
  m_Component:
  - component: {fileID: 5264516918316185166}
  - component: {fileID: 5264516918316185165}
  - component: {fileID: 5264516918316185162}
  m_Layer: 11
  m_Name: Main Screen
  m_TagString: Untagged
  m_Icon: {fileID: 0}
  m_NavMeshLayer: 0
  m_StaticEditorFlags: 0
  m_IsActive: 1
--- !u!4 &5264516918316185166
Transform:
  m_ObjectHideFlags: 0
  m_CorrespondingSourceObject: {fileID: 0}
  m_PrefabInstance: {fileID: 0}
  m_PrefabAsset: {fileID: 0}
  m_GameObject: {fileID: 5264516918316185160}
  serializedVersion: 2
  m_LocalRotation: {x: -0, y: -0, z: -0, w: 1}
  m_LocalPosition: {x: 0, y: 1.05, z: 0}
  m_LocalScale: {x: 2.88, y: 1.62, z: 1}
  m_ConstrainProportionsScale: 0
  m_Children: []
  m_Father: {fileID: 1104319882545186771}
  m_LocalEulerAnglesHint: {x: 0, y: 0, z: 0}
--- !u!33 &5264516918316185165
MeshFilter:
  m_ObjectHideFlags: 0
  m_CorrespondingSourceObject: {fileID: 0}
  m_PrefabInstance: {fileID: 0}
  m_PrefabAsset: {fileID: 0}
  m_GameObject: {fileID: 5264516918316185160}
  m_Mesh: {fileID: 10210, guid: 0000000000000000e000000000000000, type: 0}
--- !u!23 &5264516918316185162
MeshRenderer:
  m_ObjectHideFlags: 0
  m_CorrespondingSourceObject: {fileID: 0}
  m_PrefabInstance: {fileID: 0}
  m_PrefabAsset: {fileID: 0}
  m_GameObject: {fileID: 5264516918316185160}
  m_Enabled: 1
  m_CastShadows: 0
  m_ReceiveShadows: 0
  m_DynamicOccludee: 1
  m_StaticShadowCaster: 0
  m_MotionVectors: 2
  m_LightProbeUsage: 0
  m_ReflectionProbeUsage: 0
  m_RayTracingMode: 2
  m_RayTraceProcedural: 0
  m_RenderingLayerMask: 1
  m_RendererPriority: 0
  m_Materials:
  - {fileID: 2100000, guid: 1117acbb16276964193075471d0a3ae4, type: 2}
  m_StaticBatchInfo:
    firstSubMesh: 0
    subMeshCount: 0
  m_StaticBatchRoot: {fileID: 0}
  m_ProbeAnchor: {fileID: 0}
  m_LightProbeVolumeOverride: {fileID: 0}
  m_ScaleInLightmap: 1
  m_ReceiveGI: 1
  m_PreserveUVs: 0
  m_IgnoreNormalsForChartDetection: 0
  m_ImportantGI: 0
  m_StitchLightmapSeams: 0
  m_SelectedEditorRenderState: 3
  m_MinimumChartSize: 4
  m_AutoUVMaxDistance: 0.5
  m_AutoUVMaxAngle: 89
  m_LightmapParameters: {fileID: 0}
  m_SortingLayerID: 0
  m_SortingLayer: 0
  m_SortingOrder: 0
  m_AdditionalVertexStreams: {fileID: 0}
--- !u!1 &5264516918386634064
GameObject:
  m_ObjectHideFlags: 0
  m_CorrespondingSourceObject: {fileID: 0}
  m_PrefabInstance: {fileID: 0}
  m_PrefabAsset: {fileID: 0}
  serializedVersion: 6
  m_Component:
  - component: {fileID: 5264516918386634067}
  - component: {fileID: 3471439023452310761}
  - component: {fileID: 137183188290347123}
  m_Layer: 8
  m_Name: Simple (ProTV, Cyber Blue)
  m_TagString: Untagged
  m_Icon: {fileID: 0}
  m_NavMeshLayer: 0
  m_StaticEditorFlags: 0
  m_IsActive: 1
--- !u!4 &5264516918386634067
Transform:
  m_ObjectHideFlags: 0
  m_CorrespondingSourceObject: {fileID: 0}
  m_PrefabInstance: {fileID: 0}
  m_PrefabAsset: {fileID: 0}
  m_GameObject: {fileID: 5264516918386634064}
  serializedVersion: 2
  m_LocalRotation: {x: 0, y: 0, z: 0, w: 1}
  m_LocalPosition: {x: 0, y: 0, z: 0}
  m_LocalScale: {x: 1, y: 1, z: 1}
  m_ConstrainProportionsScale: 0
  m_Children:
  - {fileID: 2755195040076864753}
  - {fileID: 1104319882545186771}
  m_Father: {fileID: 0}
  m_LocalEulerAnglesHint: {x: 0, y: 0, z: 0}
--- !u!114 &3471439023452310761
MonoBehaviour:
  m_ObjectHideFlags: 0
  m_CorrespondingSourceObject: {fileID: 0}
  m_PrefabInstance: {fileID: 0}
  m_PrefabAsset: {fileID: 0}
  m_GameObject: {fileID: 5264516918386634064}
  m_Enabled: 1
  m_EditorHideFlags: 0
  m_Script: {fileID: 11500000, guid: 4cf4a78af9b214148b38d0511f5ae751, type: 3}
  m_Name: 
  m_EditorClassIdentifier: 
  serializationData:
    SerializedFormat: 2
    SerializedBytes: 
    ReferencedUnityObjects: []
    SerializedBytesString: 
    Prefab: {fileID: 0}
    PrefabModificationsReferencedUnityObjects: []
    PrefabModifications: []
    SerializationNodes: []
  _udonSharpBackingUdonBehaviour: {fileID: 137183188290347123}
  _maxLogLevel: 4
  _logger: {fileID: 0}
  LogLevelOverride: 0
  videoManagers:
  - {fileID: 4239283706669003230}
  - {fileID: 7541725826343834354}
  syncData: {fileID: 8335673316980267956}
  autoplayMainUrl:
    url: 
  autoplayAlternateUrl:
    url: 
  autoplayTitle: 
  autoplayStartOffset: 0
  defaultVideoManager: 0
  defaultVolume: 0.3
  startWith2DAudio: 0
  startWithVideoDisabled: 0
  syncToOwner: 1
  automaticResyncInterval: 600
  playDriftThreshold: Infinity
  pauseDriftThreshold: Infinity
  syncVideoManagerSelection: 0
  syncVolumeControl: 0
  playVideoAfterLoad: 1
  bufferDelayAfterLoad: 0
  maxAllowedLoadingTime: 30
  preferAlternateUrlForQuest: 1
  allowMasterControl: 1
  rememberFirstMaster: 1
  instanceOwnerIsSuper: 1
  firstMasterIsSuper: 1
  superUserLockOverride: 1
  lockedByDefault: 0
  enableAutoOwnership: 0
  disallowUnauthorizedUsers: 0
  pauseTakesOwnership: 0
  enforceDomainWhitelist: 0
  enableAuthUserDomainBypass: 0
  defaultRetryCount: 0
  repeatingRetryDelay: 15
  retryUsingAlternateUrl: 1
  startHidden: 0
  startDisabled: 0
  stopMediaWhenHidden: 0
  stopMediaWhenDisabled: 0
  customTexture: {fileID: 0}
  rawTexture: {fileID: 0}
  autoResizeTexture: 1
  targetAspectRatio: 1.7777
  applyAspectToResize: 0
  applyAspectToBlit: 0
  blitMaterial: {fileID: 2100000, guid: 83afd99a9c5be4c4ebc6d9b327ba8a5a, type: 2}
  defaultStandbyTexture: {fileID: 0}
  soundOnlyTexture: {fileID: 0}
  standby3dMode: 0
  standbyOnMediaEnd: 1
  standbyOnMediaPause: 0
  customMaterials:
  - {fileID: 2100000, guid: 1117acbb16276964193075471d0a3ae4, type: 2}
  customMaterialProperties:
  - _VideoTex
  enableGSV: 0
  enablePixelExtraction: 0
  versionNumber: 3.0.0-beta.12
  customMaterial: {fileID: 0}
  customMaterialProperty: _VideoTex
  authPlugin: {fileID: 4666153448859564227}
  domainWhitelist:
  - soundcloud.com
  - facebook.com
  - nicovideo.jp
  - twitch.tv
  - vimeo.com
  - youku.com
  - youtube.com
  - youtu.be
  - mixcloud.com
  - vrcdn.live
  - vrcdn.video
  - streamable.com
  - bandcamp.com
  - bilibili.tv
--- !u!114 &137183188290347123
MonoBehaviour:
  m_ObjectHideFlags: 0
  m_CorrespondingSourceObject: {fileID: 0}
  m_PrefabInstance: {fileID: 0}
  m_PrefabAsset: {fileID: 0}
  m_GameObject: {fileID: 5264516918386634064}
  m_Enabled: 1
  m_EditorHideFlags: 0
  m_Script: {fileID: 11500000, guid: 45115577ef41a5b4ca741ed302693907, type: 3}
  m_Name: 
  m_EditorClassIdentifier: 
  interactTextPlacement: {fileID: 0}
  interactText: Use
  interactTextGO: {fileID: 0}
  proximity: 2
  SynchronizePosition: 0
  AllowCollisionOwnershipTransfer: 0
  Reliable: 0
  _syncMethod: 3
  serializedProgramAsset: {fileID: 11400000, guid: 6b940f29e3e463e4ba9526ae09a50403,
    type: 2}
  programSource: {fileID: 11400000, guid: 758b3974dc10ae445a6ce060183f4682, type: 2}
  serializedPublicVariablesBytesString: Ai8AAAAAATIAAABWAFIAQwAuAFUAZABvAG4ALgBDAG8AbQBtAG8AbgAuAFUAZABvAG4AVgBhAHIAaQBhAGIAbABlAFQAYQBiAGwAZQAsACAAVgBSAEMALgBVAGQAbwBuAC4AQwBvAG0AbQBvAG4AAAAAAAYBAAAAAAAAACcBBAAAAHQAeQBwAGUAAWgAAABTAHkAcwB0AGUAbQAuAEMAbwBsAGwAZQBjAHQAaQBvAG4AcwAuAEcAZQBuAGUAcgBpAGMALgBMAGkAcwB0AGAAMQBbAFsAVgBSAEMALgBVAGQAbwBuAC4AQwBvAG0AbQBvAG4ALgBJAG4AdABlAHIAZgBhAGMAZQBzAC4ASQBVAGQAbwBuAFYAYQByAGkAYQBiAGwAZQAsACAAVgBSAEMALgBVAGQAbwBuAC4AQwBvAG0AbQBvAG4AXQBdACwAIABtAHMAYwBvAHIAbABpAGIAAQEJAAAAVgBhAHIAaQBhAGIAbABlAHMALwEAAAABaAAAAFMAeQBzAHQAZQBtAC4AQwBvAGwAbABlAGMAdABpAG8AbgBzAC4ARwBlAG4AZQByAGkAYwAuAEwAaQBzAHQAYAAxAFsAWwBWAFIAQwAuAFUAZABvAG4ALgBDAG8AbQBtAG8AbgAuAEkAbgB0AGUAcgBmAGEAYwBlAHMALgBJAFUAZABvAG4AVgBhAHIAaQBhAGIAbABlACwAIABWAFIAQwAuAFUAZABvAG4ALgBDAG8AbQBtAG8AbgBdAF0ALAAgAG0AcwBjAG8AcgBsAGkAYgABAAAABgIAAAAAAAAAAi8CAAAAAUkAAABWAFIAQwAuAFUAZABvAG4ALgBDAG8AbQBtAG8AbgAuAFUAZABvAG4AVgBhAHIAaQBhAGIAbABlAGAAMQBbAFsAUwB5AHMAdABlAG0ALgBJAG4AdAAzADIALAAgAG0AcwBjAG8AcgBsAGkAYgBdAF0ALAAgAFYAUgBDAC4AVQBkAG8AbgAuAEMAbwBtAG0AbwBuAAIAAAAGAgAAAAAAAAAnAQQAAAB0AHkAcABlAAEXAAAAUwB5AHMAdABlAG0ALgBTAHQAcgBpAG4AZwAsACAAbQBzAGMAbwByAGwAaQBiACcBCgAAAFMAeQBtAGIAbwBsAE4AYQBtAGUAAR8AAABfAF8AXwBVAGQAbwBuAFMAaABhAHIAcABCAGUAaABhAHYAaQBvAHUAcgBWAGUAcgBzAGkAbwBuAF8AXwBfACcBBAAAAHQAeQBwAGUAARYAAABTAHkAcwB0AGUAbQAuAEkAbgB0ADMAMgAsACAAbQBzAGMAbwByAGwAaQBiABcBBQAAAFYAYQBsAHUAZQACAAAABwUCLwMAAAABSwAAAFYAUgBDAC4AVQBkAG8AbgAuAEMAbwBtAG0AbwBuAC4AVQBkAG8AbgBWAGEAcgBpAGEAYgBsAGUAYAAxAFsAWwBTAHkAcwB0AGUAbQAuAEIAbwBvAGwAZQBhAG4ALAAgAG0AcwBjAG8AcgBsAGkAYgBdAF0ALAAgAFYAUgBDAC4AVQBkAG8AbgAuAEMAbwBtAG0AbwBuAAMAAAAGAgAAAAAAAAAnAQQAAAB0AHkAcABlAAEXAAAAUwB5AHMAdABlAG0ALgBTAHQAcgBpAG4AZwAsACAAbQBzAGMAbwByAGwAaQBiACcBCgAAAFMAeQBtAGIAbwBsAE4AYQBtAGUAAS4AAABfAF8AXwBVAGQAbwBuAFMAaABhAHIAcABCAGUAaABhAHYAaQBvAHUAcgBQAGUAcgBzAGkAcwB0AEQAYQB0AGEARgByAG8AbQBVAHAAZwByAGEAZABlAF8AXwBfACcBBAAAAHQAeQBwAGUAARgAAABTAHkAcwB0AGUAbQAuAEIAbwBvAGwAZQBhAG4ALAAgAG0AcwBjAG8AcgBsAGkAYgArAQUAAABWAGEAbAB1AGUAAQcFBwUHBQ==
  publicVariablesUnityEngineObjects: []
  publicVariablesSerializationDataFormat: 0
--- !u!1 &5264516919469627493
GameObject:
  m_ObjectHideFlags: 0
  m_CorrespondingSourceObject: {fileID: 0}
  m_PrefabInstance: {fileID: 0}
  m_PrefabAsset: {fileID: 0}
  serializedVersion: 6
  m_Component:
  - component: {fileID: 5264516919469627513}
  - component: {fileID: 5264516919469627495}
  - component: {fileID: 5264516919469627492}
  m_Layer: 8
  m_Name: AVProHQ RightFront
  m_TagString: Untagged
  m_Icon: {fileID: 0}
  m_NavMeshLayer: 0
  m_StaticEditorFlags: 0
  m_IsActive: 1
--- !u!4 &5264516919469627513
Transform:
  m_ObjectHideFlags: 0
  m_CorrespondingSourceObject: {fileID: 0}
  m_PrefabInstance: {fileID: 0}
  m_PrefabAsset: {fileID: 0}
  m_GameObject: {fileID: 5264516919469627493}
  serializedVersion: 2
  m_LocalRotation: {x: -0, y: -0, z: -0, w: 1}
  m_LocalPosition: {x: 2, y: 1, z: 0}
  m_LocalScale: {x: 1, y: 1, z: 1}
  m_ConstrainProportionsScale: 0
  m_Children: []
  m_Father: {fileID: 5183150436008707877}
  m_LocalEulerAnglesHint: {x: 0, y: 0, z: 0}
--- !u!114 &5264516919469627495
MonoBehaviour:
  m_ObjectHideFlags: 0
  m_CorrespondingSourceObject: {fileID: 0}
  m_PrefabInstance: {fileID: 0}
  m_PrefabAsset: {fileID: 0}
  m_GameObject: {fileID: 5264516919469627493}
  m_Enabled: 1
  m_EditorHideFlags: 0
  m_Script: {fileID: 1361866905, guid: 661092b4961be7145bfbe56e1e62337b, type: 3}
  m_Name: 
  m_EditorClassIdentifier: 
  videoPlayer: {fileID: 5264516917919390281}
  mode: 2
--- !u!82 &5264516919469627492
AudioSource:
  m_ObjectHideFlags: 0
  m_CorrespondingSourceObject: {fileID: 0}
  m_PrefabInstance: {fileID: 0}
  m_PrefabAsset: {fileID: 0}
  m_GameObject: {fileID: 5264516919469627493}
  m_Enabled: 1
  serializedVersion: 4
  OutputAudioMixerGroup: {fileID: 0}
  m_audioClip: {fileID: 0}
  m_PlayOnAwake: 1
  m_Volume: 1
  m_Pitch: 1
  Loop: 0
  Mute: 0
  Spatialize: 1
  SpatializePostEffects: 0
  Priority: 128
  DopplerLevel: 0
  MinDistance: 0.4734173
  MaxDistance: 6.5
  Pan2D: 1
  rolloffMode: 2
  BypassEffects: 0
  BypassListenerEffects: 0
  BypassReverbZones: 0
  rolloffCustomCurve:
    serializedVersion: 2
    m_Curve:
    - serializedVersion: 3
      time: 0
      value: 1
      inSlope: 0
      outSlope: 0
      tangentMode: 0
      weightedMode: 0
      inWeight: 0.33333334
      outWeight: 0.33333334
    - serializedVersion: 3
      time: 0.69646186
      value: 0.49618387
      inSlope: -2.0728443
      outSlope: -2.0728443
      tangentMode: 0
      weightedMode: 0
      inWeight: 0.041733496
      outWeight: 0.17920901
    - serializedVersion: 3
      time: 0.85173845
      value: 0.10109827
      inSlope: -1.4955534
      outSlope: -1.4955534
      tangentMode: 0
      weightedMode: 0
      inWeight: 0.56713176
      outWeight: 0.5719908
    - serializedVersion: 3
      time: 1
      value: 0
      inSlope: -0.27076796
      outSlope: -0.27076796
      tangentMode: 0
      weightedMode: 0
      inWeight: 0.56083983
      outWeight: 0.33333334
    m_PreInfinity: 2
    m_PostInfinity: 2
    m_RotationOrder: 4
  panLevelCustomCurve:
    serializedVersion: 2
    m_Curve:
    - serializedVersion: 3
      time: 0
      value: 1
      inSlope: 0
      outSlope: 0
      tangentMode: 0
      weightedMode: 0
      inWeight: 0.33333334
      outWeight: 0.33333334
    m_PreInfinity: 2
    m_PostInfinity: 2
    m_RotationOrder: 4
  spreadCustomCurve:
    serializedVersion: 2
    m_Curve:
    - serializedVersion: 3
      time: 0
      value: 1
      inSlope: 0
      outSlope: 0
      tangentMode: 0
      weightedMode: 0
      inWeight: 0.33333334
      outWeight: 0.33333334
    m_PreInfinity: 2
    m_PostInfinity: 2
    m_RotationOrder: 4
  reverbZoneMixCustomCurve:
    serializedVersion: 2
    m_Curve:
    - serializedVersion: 3
      time: 0
      value: 0.5
      inSlope: 0
      outSlope: 0
      tangentMode: 0
      weightedMode: 0
      inWeight: 0.33333334
      outWeight: 0.33333334
    m_PreInfinity: 2
    m_PostInfinity: 2
    m_RotationOrder: 4
--- !u!1 &5264516919892332813
GameObject:
  m_ObjectHideFlags: 0
  m_CorrespondingSourceObject: {fileID: 0}
  m_PrefabInstance: {fileID: 0}
  m_PrefabAsset: {fileID: 0}
  serializedVersion: 6
  m_Component:
  - component: {fileID: 5264516919892332801}
  - component: {fileID: 5264516919892332815}
  - component: {fileID: 5264516919892332812}
  m_Layer: 8
  m_Name: AVProHQ LeftFront
  m_TagString: Untagged
  m_Icon: {fileID: 0}
  m_NavMeshLayer: 0
  m_StaticEditorFlags: 0
  m_IsActive: 1
--- !u!4 &5264516919892332801
Transform:
  m_ObjectHideFlags: 0
  m_CorrespondingSourceObject: {fileID: 0}
  m_PrefabInstance: {fileID: 0}
  m_PrefabAsset: {fileID: 0}
  m_GameObject: {fileID: 5264516919892332813}
  serializedVersion: 2
  m_LocalRotation: {x: -0, y: -0, z: -0, w: 1}
  m_LocalPosition: {x: -2, y: 1, z: 0}
  m_LocalScale: {x: 1, y: 1, z: 1}
  m_ConstrainProportionsScale: 0
  m_Children: []
  m_Father: {fileID: 5183150436008707877}
  m_LocalEulerAnglesHint: {x: 0, y: 0, z: 0}
--- !u!114 &5264516919892332815
MonoBehaviour:
  m_ObjectHideFlags: 0
  m_CorrespondingSourceObject: {fileID: 0}
  m_PrefabInstance: {fileID: 0}
  m_PrefabAsset: {fileID: 0}
  m_GameObject: {fileID: 5264516919892332813}
  m_Enabled: 1
  m_EditorHideFlags: 0
  m_Script: {fileID: 1361866905, guid: 661092b4961be7145bfbe56e1e62337b, type: 3}
  m_Name: 
  m_EditorClassIdentifier: 
  videoPlayer: {fileID: 5264516917919390281}
  mode: 1
--- !u!82 &5264516919892332812
AudioSource:
  m_ObjectHideFlags: 0
  m_CorrespondingSourceObject: {fileID: 0}
  m_PrefabInstance: {fileID: 0}
  m_PrefabAsset: {fileID: 0}
  m_GameObject: {fileID: 5264516919892332813}
  m_Enabled: 1
  serializedVersion: 4
  OutputAudioMixerGroup: {fileID: 0}
  m_audioClip: {fileID: 0}
  m_PlayOnAwake: 1
  m_Volume: 1
  m_Pitch: 1
  Loop: 0
  Mute: 0
  Spatialize: 1
  SpatializePostEffects: 0
  Priority: 128
  DopplerLevel: 0
  MinDistance: 0.4734173
  MaxDistance: 6.5
  Pan2D: -1
  rolloffMode: 2
  BypassEffects: 0
  BypassListenerEffects: 0
  BypassReverbZones: 0
  rolloffCustomCurve:
    serializedVersion: 2
    m_Curve:
    - serializedVersion: 3
      time: 0
      value: 1
      inSlope: 0
      outSlope: 0
      tangentMode: 0
      weightedMode: 0
      inWeight: 0.33333334
      outWeight: 0.33333334
    - serializedVersion: 3
      time: 0.69646186
      value: 0.49618387
      inSlope: -2.0728443
      outSlope: -2.0728443
      tangentMode: 0
      weightedMode: 0
      inWeight: 0.041733496
      outWeight: 0.17920901
    - serializedVersion: 3
      time: 0.85173845
      value: 0.10109827
      inSlope: -1.4955534
      outSlope: -1.4955534
      tangentMode: 0
      weightedMode: 0
      inWeight: 0.56713176
      outWeight: 0.5719908
    - serializedVersion: 3
      time: 1
      value: 0
      inSlope: -0.27076796
      outSlope: -0.27076796
      tangentMode: 0
      weightedMode: 0
      inWeight: 0.56083983
      outWeight: 0.33333334
    m_PreInfinity: 2
    m_PostInfinity: 2
    m_RotationOrder: 4
  panLevelCustomCurve:
    serializedVersion: 2
    m_Curve:
    - serializedVersion: 3
      time: 0
      value: 1
      inSlope: 0
      outSlope: 0
      tangentMode: 0
      weightedMode: 0
      inWeight: 0.33333334
      outWeight: 0.33333334
    m_PreInfinity: 2
    m_PostInfinity: 2
    m_RotationOrder: 4
  spreadCustomCurve:
    serializedVersion: 2
    m_Curve:
    - serializedVersion: 3
      time: 0
      value: 1
      inSlope: 0
      outSlope: 0
      tangentMode: 0
      weightedMode: 0
      inWeight: 0.33333334
      outWeight: 0.33333334
    m_PreInfinity: 2
    m_PostInfinity: 2
    m_RotationOrder: 4
  reverbZoneMixCustomCurve:
    serializedVersion: 2
    m_Curve:
    - serializedVersion: 3
      time: 0
      value: 0.5
      inSlope: 0
      outSlope: 0
      tangentMode: 0
      weightedMode: 0
      inWeight: 0.33333334
      outWeight: 0.33333334
    m_PreInfinity: 2
    m_PostInfinity: 2
    m_RotationOrder: 4
--- !u!1 &6243377733816118686
GameObject:
  m_ObjectHideFlags: 0
  m_CorrespondingSourceObject: {fileID: 0}
  m_PrefabInstance: {fileID: 0}
  m_PrefabAsset: {fileID: 0}
  serializedVersion: 6
  m_Component:
  - component: {fileID: 1766686753045467960}
  - component: {fileID: 4666153448859564227}
  - component: {fileID: 2670255807448008475}
  m_Layer: 8
  m_Name: TVAuth
  m_TagString: Untagged
  m_Icon: {fileID: 0}
  m_NavMeshLayer: 0
  m_StaticEditorFlags: 0
  m_IsActive: 1
--- !u!4 &1766686753045467960
Transform:
  m_ObjectHideFlags: 0
  m_CorrespondingSourceObject: {fileID: 0}
  m_PrefabInstance: {fileID: 0}
  m_PrefabAsset: {fileID: 0}
  m_GameObject: {fileID: 6243377733816118686}
  serializedVersion: 2
  m_LocalRotation: {x: -0, y: -0, z: -0, w: 1}
  m_LocalPosition: {x: -0.3774908, y: 0.11932971, z: 2.7327495}
  m_LocalScale: {x: 1, y: 1, z: 1}
  m_ConstrainProportionsScale: 0
  m_Children: []
  m_Father: {fileID: 2755195040076864753}
  m_LocalEulerAnglesHint: {x: 0, y: 0, z: 0}
--- !u!114 &4666153448859564227
MonoBehaviour:
  m_ObjectHideFlags: 0
  m_CorrespondingSourceObject: {fileID: 0}
  m_PrefabInstance: {fileID: 0}
  m_PrefabAsset: {fileID: 0}
  m_GameObject: {fileID: 6243377733816118686}
  m_Enabled: 1
  m_EditorHideFlags: 0
  m_Script: {fileID: 11500000, guid: 77d653a0e57b4d5e8dbeba72e0a4b8c9, type: 3}
  m_Name: 
  m_EditorClassIdentifier: 
  serializationData:
    SerializedFormat: 2
    SerializedBytes: 
    ReferencedUnityObjects: []
    SerializedBytesString: 
    Prefab: {fileID: 0}
    PrefabModificationsReferencedUnityObjects: []
    PrefabModifications: []
    SerializationNodes: []
  _udonSharpBackingUdonBehaviour: {fileID: 2670255807448008475}
  _maxLogLevel: 4
  _logger: {fileID: 0}
  tv: {fileID: 3471439023452310761}
  superUsers: []
  authorizedUsers: []
  secureWhitelist: 1
--- !u!114 &2670255807448008475
MonoBehaviour:
  m_ObjectHideFlags: 0
  m_CorrespondingSourceObject: {fileID: 0}
  m_PrefabInstance: {fileID: 0}
  m_PrefabAsset: {fileID: 0}
  m_GameObject: {fileID: 6243377733816118686}
  m_Enabled: 1
  m_EditorHideFlags: 0
  m_Script: {fileID: 11500000, guid: 45115577ef41a5b4ca741ed302693907, type: 3}
  m_Name: 
  m_EditorClassIdentifier: 
  interactTextPlacement: {fileID: 0}
  interactText: Use
  interactTextGO: {fileID: 0}
  proximity: 2
  SynchronizePosition: 0
  AllowCollisionOwnershipTransfer: 0
  Reliable: 0
  _syncMethod: 2
  serializedProgramAsset: {fileID: 11400000, guid: b78f00b1422a7fe48af083045dff9353,
    type: 2}
  programSource: {fileID: 11400000, guid: fc521efc501538e4fbe0643d57d6d83a, type: 2}
  serializedPublicVariablesBytesString: Ai8AAAAAATIAAABWAFIAQwAuAFUAZABvAG4ALgBDAG8AbQBtAG8AbgAuAFUAZABvAG4AVgBhAHIAaQBhAGIAbABlAFQAYQBiAGwAZQAsACAAVgBSAEMALgBVAGQAbwBuAC4AQwBvAG0AbQBvAG4AAAAAAAYBAAAAAAAAACcBBAAAAHQAeQBwAGUAAWgAAABTAHkAcwB0AGUAbQAuAEMAbwBsAGwAZQBjAHQAaQBvAG4AcwAuAEcAZQBuAGUAcgBpAGMALgBMAGkAcwB0AGAAMQBbAFsAVgBSAEMALgBVAGQAbwBuAC4AQwBvAG0AbQBvAG4ALgBJAG4AdABlAHIAZgBhAGMAZQBzAC4ASQBVAGQAbwBuAFYAYQByAGkAYQBiAGwAZQAsACAAVgBSAEMALgBVAGQAbwBuAC4AQwBvAG0AbQBvAG4AXQBdACwAIABtAHMAYwBvAHIAbABpAGIAAQEJAAAAVgBhAHIAaQBhAGIAbABlAHMALwEAAAABaAAAAFMAeQBzAHQAZQBtAC4AQwBvAGwAbABlAGMAdABpAG8AbgBzAC4ARwBlAG4AZQByAGkAYwAuAEwAaQBzAHQAYAAxAFsAWwBWAFIAQwAuAFUAZABvAG4ALgBDAG8AbQBtAG8AbgAuAEkAbgB0AGUAcgBmAGEAYwBlAHMALgBJAFUAZABvAG4AVgBhAHIAaQBhAGIAbABlACwAIABWAFIAQwAuAFUAZABvAG4ALgBDAG8AbQBtAG8AbgBdAF0ALAAgAG0AcwBjAG8AcgBsAGkAYgABAAAABgEAAAAAAAAAAi8CAAAAAUkAAABWAFIAQwAuAFUAZABvAG4ALgBDAG8AbQBtAG8AbgAuAFUAZABvAG4AVgBhAHIAaQBhAGIAbABlAGAAMQBbAFsAUwB5AHMAdABlAG0ALgBJAG4AdAAzADIALAAgAG0AcwBjAG8AcgBsAGkAYgBdAF0ALAAgAFYAUgBDAC4AVQBkAG8AbgAuAEMAbwBtAG0AbwBuAAIAAAAGAgAAAAAAAAAnAQQAAAB0AHkAcABlAAEXAAAAUwB5AHMAdABlAG0ALgBTAHQAcgBpAG4AZwAsACAAbQBzAGMAbwByAGwAaQBiACcBCgAAAFMAeQBtAGIAbwBsAE4AYQBtAGUAAR8AAABfAF8AXwBVAGQAbwBuAFMAaABhAHIAcABCAGUAaABhAHYAaQBvAHUAcgBWAGUAcgBzAGkAbwBuAF8AXwBfACcBBAAAAHQAeQBwAGUAARYAAABTAHkAcwB0AGUAbQAuAEkAbgB0ADMAMgAsACAAbQBzAGMAbwByAGwAaQBiABcBBQAAAFYAYQBsAHUAZQACAAAABwUHBQcF
  publicVariablesUnityEngineObjects: []
  publicVariablesSerializationDataFormat: 0
--- !u!1 &6786914608689003795
GameObject:
  m_ObjectHideFlags: 0
  m_CorrespondingSourceObject: {fileID: 0}
  m_PrefabInstance: {fileID: 0}
  m_PrefabAsset: {fileID: 0}
  serializedVersion: 6
  m_Component:
  - component: {fileID: 4824370551854431366}
  - component: {fileID: 8149835908425292289}
  - component: {fileID: 7286699006004234570}
  m_Layer: 8
  m_Name: AVProHQ Stereo Center
  m_TagString: Untagged
  m_Icon: {fileID: 0}
  m_NavMeshLayer: 0
  m_StaticEditorFlags: 0
  m_IsActive: 1
--- !u!4 &4824370551854431366
Transform:
  m_ObjectHideFlags: 0
  m_CorrespondingSourceObject: {fileID: 0}
  m_PrefabInstance: {fileID: 0}
  m_PrefabAsset: {fileID: 0}
  m_GameObject: {fileID: 6786914608689003795}
  serializedVersion: 2
  m_LocalRotation: {x: -0, y: -0, z: -0, w: 1}
  m_LocalPosition: {x: 0, y: 1, z: 0}
  m_LocalScale: {x: 1, y: 1, z: 1}
  m_ConstrainProportionsScale: 0
  m_Children: []
  m_Father: {fileID: 5183150436008707877}
  m_LocalEulerAnglesHint: {x: 0, y: 0, z: 0}
--- !u!114 &8149835908425292289
MonoBehaviour:
  m_ObjectHideFlags: 0
  m_CorrespondingSourceObject: {fileID: 0}
  m_PrefabInstance: {fileID: 0}
  m_PrefabAsset: {fileID: 0}
  m_GameObject: {fileID: 6786914608689003795}
  m_Enabled: 1
  m_EditorHideFlags: 0
  m_Script: {fileID: 1361866905, guid: 661092b4961be7145bfbe56e1e62337b, type: 3}
  m_Name: 
  m_EditorClassIdentifier: 
  videoPlayer: {fileID: 5264516917919390281}
  mode: 3
--- !u!82 &7286699006004234570
AudioSource:
  m_ObjectHideFlags: 0
  m_CorrespondingSourceObject: {fileID: 0}
  m_PrefabInstance: {fileID: 0}
  m_PrefabAsset: {fileID: 0}
  m_GameObject: {fileID: 6786914608689003795}
  m_Enabled: 1
  serializedVersion: 4
  OutputAudioMixerGroup: {fileID: 0}
  m_audioClip: {fileID: 0}
  m_PlayOnAwake: 1
  m_Volume: 1
  m_Pitch: 1
  Loop: 0
  Mute: 0
  Spatialize: 0
  SpatializePostEffects: 0
  Priority: 128
  DopplerLevel: 0
  MinDistance: 0.4734173
  MaxDistance: 6.5
  Pan2D: 0
  rolloffMode: 2
  BypassEffects: 0
  BypassListenerEffects: 0
  BypassReverbZones: 0
  rolloffCustomCurve:
    serializedVersion: 2
    m_Curve:
    - serializedVersion: 3
      time: 0
      value: 1
      inSlope: 0
      outSlope: 0
      tangentMode: 0
      weightedMode: 0
      inWeight: 0.33333334
      outWeight: 0.33333334
    - serializedVersion: 3
      time: 0.69646186
      value: 0.49618387
      inSlope: -2.0728443
      outSlope: -2.0728443
      tangentMode: 0
      weightedMode: 0
      inWeight: 0.041733496
      outWeight: 0.17920901
    - serializedVersion: 3
      time: 0.85173845
      value: 0.10109827
      inSlope: -1.4955534
      outSlope: -1.4955534
      tangentMode: 0
      weightedMode: 0
      inWeight: 0.56713176
      outWeight: 0.5719908
    - serializedVersion: 3
      time: 1
      value: 0
      inSlope: -0.27076796
      outSlope: -0.27076796
      tangentMode: 0
      weightedMode: 0
      inWeight: 0.56083983
      outWeight: 0.33333334
    m_PreInfinity: 2
    m_PostInfinity: 2
    m_RotationOrder: 4
  panLevelCustomCurve:
    serializedVersion: 2
    m_Curve:
    - serializedVersion: 3
      time: 0
      value: 0
      inSlope: 0
      outSlope: 0
      tangentMode: 0
      weightedMode: 0
      inWeight: 0.33333334
      outWeight: 0.33333334
    m_PreInfinity: 2
    m_PostInfinity: 2
    m_RotationOrder: 4
  spreadCustomCurve:
    serializedVersion: 2
    m_Curve:
    - serializedVersion: 3
      time: 0
      value: 1
      inSlope: 0
      outSlope: 0
      tangentMode: 0
      weightedMode: 0
      inWeight: 0.33333334
      outWeight: 0.33333334
    m_PreInfinity: 2
    m_PostInfinity: 2
    m_RotationOrder: 4
  reverbZoneMixCustomCurve:
    serializedVersion: 2
    m_Curve:
    - serializedVersion: 3
      time: 0
      value: 0.5
      inSlope: 0
      outSlope: 0
      tangentMode: 0
      weightedMode: 0
      inWeight: 0.33333334
      outWeight: 0.33333334
    m_PreInfinity: 2
    m_PostInfinity: 2
    m_RotationOrder: 4
--- !u!1 &7035989635052570862
GameObject:
  m_ObjectHideFlags: 0
  m_CorrespondingSourceObject: {fileID: 0}
  m_PrefabInstance: {fileID: 0}
  m_PrefabAsset: {fileID: 0}
  serializedVersion: 6
  m_Component:
  - component: {fileID: 5265203281660614881}
  - component: {fileID: 5630594762326401480}
  - component: {fileID: 7883230965229853846}
  - component: {fileID: 7291535762521636331}
  - component: {fileID: 861211866369988709}
  - component: {fileID: 5434958227617800917}
  m_Layer: 8
  m_Name: AVProNonLL
  m_TagString: Untagged
  m_Icon: {fileID: 0}
  m_NavMeshLayer: 0
  m_StaticEditorFlags: 0
  m_IsActive: 0
--- !u!4 &5265203281660614881
Transform:
  m_ObjectHideFlags: 0
  m_CorrespondingSourceObject: {fileID: 0}
  m_PrefabInstance: {fileID: 0}
  m_PrefabAsset: {fileID: 0}
  m_GameObject: {fileID: 7035989635052570862}
  serializedVersion: 2
  m_LocalRotation: {x: -0, y: -0, z: -0, w: 1}
  m_LocalPosition: {x: 0, y: 0, z: 0}
  m_LocalScale: {x: 1, y: 1, z: 1}
  m_ConstrainProportionsScale: 0
  m_Children: []
  m_Father: {fileID: 2755195040076864753}
  m_LocalEulerAnglesHint: {x: 0, y: 0, z: 0}
--- !u!114 &5630594762326401480
MonoBehaviour:
  m_ObjectHideFlags: 0
  m_CorrespondingSourceObject: {fileID: 0}
  m_PrefabInstance: {fileID: 0}
  m_PrefabAsset: {fileID: 0}
  m_GameObject: {fileID: 7035989635052570862}
  m_Enabled: 1
  m_EditorHideFlags: 0
  m_Script: {fileID: 11500000, guid: 50a79e026e55cb040a96beb72e202645, type: 3}
  m_Name: 
  m_EditorClassIdentifier: 
  serializationData:
    SerializedFormat: 2
    SerializedBytes: 
    ReferencedUnityObjects: []
    SerializedBytesString: 
    Prefab: {fileID: 0}
    PrefabModificationsReferencedUnityObjects: []
    PrefabModifications: []
    SerializationNodes: []
  _udonSharpBackingUdonBehaviour: {fileID: 5434958227617800917}
  _maxLogLevel: 4
  _logger: {fileID: 0}
  customLabel: AVPro Buffered
  autoManageVolume: 1
  autoManageMute: 1
  screens: []
  spatialSpeakers:
  - {fileID: 5264516919892332812}
  - {fileID: 5264516919469627492}
  - {fileID: 3194665512963068785}
  - {fileID: 3648937056423739779}
  - {fileID: 469022161615161473}
  managedSpatialVolume: 0101010101
  managedSpatialMute: 0101010101
  stereoSpeakers:
  - {fileID: 469022161615161473}
  - {fileID: 3648937056423739779}
  managedStereoVolume: 0101
  managedStereoMute: 0101
  isAVPro: 0
  matRenderer: {fileID: 0}
--- !u!114 &7883230965229853846
MonoBehaviour:
  m_ObjectHideFlags: 0
  m_CorrespondingSourceObject: {fileID: 0}
  m_PrefabInstance: {fileID: 0}
  m_PrefabAsset: {fileID: 0}
  m_GameObject: {fileID: 7035989635052570862}
  m_Enabled: 1
  m_EditorHideFlags: 0
  m_Script: {fileID: -1743794047, guid: 661092b4961be7145bfbe56e1e62337b, type: 3}
  m_Name: 
  m_EditorClassIdentifier: 
  EnableAutomaticResync: 0
  videoURL:
    url: 
  autoPlay: 0
  loop: 0
  maximumResolution: 4096
  useLowLatency: 0
--- !u!114 &7291535762521636331
MonoBehaviour:
  m_ObjectHideFlags: 0
  m_CorrespondingSourceObject: {fileID: 0}
  m_PrefabInstance: {fileID: 0}
  m_PrefabAsset: {fileID: 0}
  m_GameObject: {fileID: 7035989635052570862}
  m_Enabled: 1
  m_EditorHideFlags: 0
  m_Script: {fileID: -1889044836, guid: 661092b4961be7145bfbe56e1e62337b, type: 3}
  m_Name: 
  m_EditorClassIdentifier: 
  videoPlayer: {fileID: 7883230965229853846}
  materialIndex: 0
  textureProperty: _MainTex
  useSharedMaterial: 0
--- !u!23 &861211866369988709
MeshRenderer:
  m_ObjectHideFlags: 0
  m_CorrespondingSourceObject: {fileID: 0}
  m_PrefabInstance: {fileID: 0}
  m_PrefabAsset: {fileID: 0}
  m_GameObject: {fileID: 7035989635052570862}
  m_Enabled: 0
  m_CastShadows: 0
  m_ReceiveShadows: 0
  m_DynamicOccludee: 0
  m_StaticShadowCaster: 0
  m_MotionVectors: 2
  m_LightProbeUsage: 0
  m_ReflectionProbeUsage: 0
  m_RayTracingMode: 2
  m_RayTraceProcedural: 0
  m_RenderingLayerMask: 1
  m_RendererPriority: 0
  m_Materials:
  - {fileID: 0}
  m_StaticBatchInfo:
    firstSubMesh: 0
    subMeshCount: 0
  m_StaticBatchRoot: {fileID: 0}
  m_ProbeAnchor: {fileID: 0}
  m_LightProbeVolumeOverride: {fileID: 0}
  m_ScaleInLightmap: 1
  m_ReceiveGI: 1
  m_PreserveUVs: 0
  m_IgnoreNormalsForChartDetection: 0
  m_ImportantGI: 0
  m_StitchLightmapSeams: 0
  m_SelectedEditorRenderState: 3
  m_MinimumChartSize: 4
  m_AutoUVMaxDistance: 0.5
  m_AutoUVMaxAngle: 89
  m_LightmapParameters: {fileID: 0}
  m_SortingLayerID: 0
  m_SortingLayer: 0
  m_SortingOrder: 0
  m_AdditionalVertexStreams: {fileID: 0}
--- !u!114 &5434958227617800917
MonoBehaviour:
  m_ObjectHideFlags: 0
  m_CorrespondingSourceObject: {fileID: 0}
  m_PrefabInstance: {fileID: 0}
  m_PrefabAsset: {fileID: 0}
  m_GameObject: {fileID: 7035989635052570862}
  m_Enabled: 1
  m_EditorHideFlags: 0
  m_Script: {fileID: 11500000, guid: 45115577ef41a5b4ca741ed302693907, type: 3}
  m_Name: 
  m_EditorClassIdentifier: 
  interactTextPlacement: {fileID: 0}
  interactText: Use
  interactTextGO: {fileID: 0}
  proximity: 2
  SynchronizePosition: 0
  AllowCollisionOwnershipTransfer: 0
  Reliable: 0
  _syncMethod: 0
  serializedProgramAsset: {fileID: 11400000, guid: 9d97da8aac596384ba9db3249c74094a,
    type: 2}
  programSource: {fileID: 11400000, guid: 4441ca2fa614aad4b82e0296e1fc8af5, type: 2}
  serializedPublicVariablesBytesString: Ai8AAAAAATIAAABWAFIAQwAuAFUAZABvAG4ALgBDAG8AbQBtAG8AbgAuAFUAZABvAG4AVgBhAHIAaQBhAGIAbABlAFQAYQBiAGwAZQAsACAAVgBSAEMALgBVAGQAbwBuAC4AQwBvAG0AbQBvAG4AAAAAAAYBAAAAAAAAACcBBAAAAHQAeQBwAGUAAWgAAABTAHkAcwB0AGUAbQAuAEMAbwBsAGwAZQBjAHQAaQBvAG4AcwAuAEcAZQBuAGUAcgBpAGMALgBMAGkAcwB0AGAAMQBbAFsAVgBSAEMALgBVAGQAbwBuAC4AQwBvAG0AbQBvAG4ALgBJAG4AdABlAHIAZgBhAGMAZQBzAC4ASQBVAGQAbwBuAFYAYQByAGkAYQBiAGwAZQAsACAAVgBSAEMALgBVAGQAbwBuAC4AQwBvAG0AbQBvAG4AXQBdACwAIABtAHMAYwBvAHIAbABpAGIAAQEJAAAAVgBhAHIAaQBhAGIAbABlAHMALwEAAAABaAAAAFMAeQBzAHQAZQBtAC4AQwBvAGwAbABlAGMAdABpAG8AbgBzAC4ARwBlAG4AZQByAGkAYwAuAEwAaQBzAHQAYAAxAFsAWwBWAFIAQwAuAFUAZABvAG4ALgBDAG8AbQBtAG8AbgAuAEkAbgB0AGUAcgBmAGEAYwBlAHMALgBJAFUAZABvAG4AVgBhAHIAaQBhAGIAbABlACwAIABWAFIAQwAuAFUAZABvAG4ALgBDAG8AbQBtAG8AbgBdAF0ALAAgAG0AcwBjAG8AcgBsAGkAYgABAAAABgEAAAAAAAAAAi8CAAAAAUkAAABWAFIAQwAuAFUAZABvAG4ALgBDAG8AbQBtAG8AbgAuAFUAZABvAG4AVgBhAHIAaQBhAGIAbABlAGAAMQBbAFsAUwB5AHMAdABlAG0ALgBJAG4AdAAzADIALAAgAG0AcwBjAG8AcgBsAGkAYgBdAF0ALAAgAFYAUgBDAC4AVQBkAG8AbgAuAEMAbwBtAG0AbwBuAAIAAAAGAgAAAAAAAAAnAQQAAAB0AHkAcABlAAEXAAAAUwB5AHMAdABlAG0ALgBTAHQAcgBpAG4AZwAsACAAbQBzAGMAbwByAGwAaQBiACcBCgAAAFMAeQBtAGIAbwBsAE4AYQBtAGUAAR8AAABfAF8AXwBVAGQAbwBuAFMAaABhAHIAcABCAGUAaABhAHYAaQBvAHUAcgBWAGUAcgBzAGkAbwBuAF8AXwBfACcBBAAAAHQAeQBwAGUAARYAAABTAHkAcwB0AGUAbQAuAEkAbgB0ADMAMgAsACAAbQBzAGMAbwByAGwAaQBiABcBBQAAAFYAYQBsAHUAZQACAAAABwUHBQcF
  publicVariablesUnityEngineObjects: []
  publicVariablesSerializationDataFormat: 0
--- !u!1 &7858805111856552796
GameObject:
  m_ObjectHideFlags: 0
  m_CorrespondingSourceObject: {fileID: 0}
  m_PrefabInstance: {fileID: 0}
  m_PrefabAsset: {fileID: 0}
  serializedVersion: 6
  m_Component:
  - component: {fileID: 2725399926691707466}
  - component: {fileID: 5225573635928892670}
  - component: {fileID: 3194665512963068785}
  m_Layer: 8
  m_Name: AVProHQ Center
  m_TagString: Untagged
  m_Icon: {fileID: 0}
  m_NavMeshLayer: 0
  m_StaticEditorFlags: 0
  m_IsActive: 1
--- !u!4 &2725399926691707466
Transform:
  m_ObjectHideFlags: 0
  m_CorrespondingSourceObject: {fileID: 0}
  m_PrefabInstance: {fileID: 0}
  m_PrefabAsset: {fileID: 0}
  m_GameObject: {fileID: 7858805111856552796}
  serializedVersion: 2
  m_LocalRotation: {x: -0, y: -0, z: -0, w: 1}
  m_LocalPosition: {x: 0, y: 1, z: 0}
  m_LocalScale: {x: 1, y: 1, z: 1}
  m_ConstrainProportionsScale: 0
  m_Children: []
  m_Father: {fileID: 5183150436008707877}
  m_LocalEulerAnglesHint: {x: 0, y: 0, z: 0}
--- !u!114 &5225573635928892670
MonoBehaviour:
  m_ObjectHideFlags: 0
  m_CorrespondingSourceObject: {fileID: 0}
  m_PrefabInstance: {fileID: 0}
  m_PrefabAsset: {fileID: 0}
  m_GameObject: {fileID: 7858805111856552796}
  m_Enabled: 1
  m_EditorHideFlags: 0
  m_Script: {fileID: 1361866905, guid: 661092b4961be7145bfbe56e1e62337b, type: 3}
  m_Name: 
  m_EditorClassIdentifier: 
  videoPlayer: {fileID: 5264516917919390281}
  mode: 3
--- !u!82 &3194665512963068785
AudioSource:
  m_ObjectHideFlags: 0
  m_CorrespondingSourceObject: {fileID: 0}
  m_PrefabInstance: {fileID: 0}
  m_PrefabAsset: {fileID: 0}
  m_GameObject: {fileID: 7858805111856552796}
  m_Enabled: 1
  serializedVersion: 4
  OutputAudioMixerGroup: {fileID: 0}
  m_audioClip: {fileID: 0}
  m_PlayOnAwake: 1
  m_Volume: 1
  m_Pitch: 1
  Loop: 0
  Mute: 0
  Spatialize: 1
  SpatializePostEffects: 0
  Priority: 128
  DopplerLevel: 0
  MinDistance: 0.4734173
  MaxDistance: 6.5
  Pan2D: 0
  rolloffMode: 2
  BypassEffects: 0
  BypassListenerEffects: 0
  BypassReverbZones: 0
  rolloffCustomCurve:
    serializedVersion: 2
    m_Curve:
    - serializedVersion: 3
      time: 0
      value: 1
      inSlope: 0
      outSlope: 0
      tangentMode: 0
      weightedMode: 0
      inWeight: 0.33333334
      outWeight: 0.33333334
    - serializedVersion: 3
      time: 0.69646186
      value: 0.49618387
      inSlope: -2.0728443
      outSlope: -2.0728443
      tangentMode: 0
      weightedMode: 0
      inWeight: 0.041733496
      outWeight: 0.17920901
    - serializedVersion: 3
      time: 0.85173845
      value: 0.10109827
      inSlope: -1.4955534
      outSlope: -1.4955534
      tangentMode: 0
      weightedMode: 0
      inWeight: 0.56713176
      outWeight: 0.5719908
    - serializedVersion: 3
      time: 1
      value: 0
      inSlope: -0.27076796
      outSlope: -0.27076796
      tangentMode: 0
      weightedMode: 0
      inWeight: 0.56083983
      outWeight: 0.33333334
    m_PreInfinity: 2
    m_PostInfinity: 2
    m_RotationOrder: 4
  panLevelCustomCurve:
    serializedVersion: 2
    m_Curve:
    - serializedVersion: 3
      time: 0
      value: 1
      inSlope: 0
      outSlope: 0
      tangentMode: 0
      weightedMode: 0
      inWeight: 0.33333334
      outWeight: 0.33333334
    m_PreInfinity: 2
    m_PostInfinity: 2
    m_RotationOrder: 4
  spreadCustomCurve:
    serializedVersion: 2
    m_Curve:
    - serializedVersion: 3
      time: 0
      value: 1
      inSlope: 0
      outSlope: 0
      tangentMode: 0
      weightedMode: 0
      inWeight: 0.33333334
      outWeight: 0.33333334
    m_PreInfinity: 2
    m_PostInfinity: 2
    m_RotationOrder: 4
  reverbZoneMixCustomCurve:
    serializedVersion: 2
    m_Curve:
    - serializedVersion: 3
      time: 0
      value: 0.5
      inSlope: 0
      outSlope: 0
      tangentMode: 0
      weightedMode: 0
      inWeight: 0.33333334
      outWeight: 0.33333334
    m_PreInfinity: 2
    m_PostInfinity: 2
    m_RotationOrder: 4
--- !u!1 &8372344998947542478
GameObject:
  m_ObjectHideFlags: 0
  m_CorrespondingSourceObject: {fileID: 0}
  m_PrefabInstance: {fileID: 0}
  m_PrefabAsset: {fileID: 0}
  serializedVersion: 6
  m_Component:
  - component: {fileID: 5783209284157860902}
  - component: {fileID: 8314732227224207471}
  - component: {fileID: 469022161615161473}
  m_Layer: 8
  m_Name: AVProNonLL Stereo Center
  m_TagString: Untagged
  m_Icon: {fileID: 0}
  m_NavMeshLayer: 0
  m_StaticEditorFlags: 0
  m_IsActive: 1
--- !u!4 &5783209284157860902
Transform:
  m_ObjectHideFlags: 0
  m_CorrespondingSourceObject: {fileID: 0}
  m_PrefabInstance: {fileID: 0}
  m_PrefabAsset: {fileID: 0}
  m_GameObject: {fileID: 8372344998947542478}
  serializedVersion: 2
  m_LocalRotation: {x: -0, y: -0, z: -0, w: 1}
  m_LocalPosition: {x: 0, y: 1, z: 0}
  m_LocalScale: {x: 1, y: 1, z: 1}
  m_ConstrainProportionsScale: 0
  m_Children: []
  m_Father: {fileID: 5183150436008707877}
  m_LocalEulerAnglesHint: {x: 0, y: 0, z: 0}
--- !u!114 &8314732227224207471
MonoBehaviour:
  m_ObjectHideFlags: 0
  m_CorrespondingSourceObject: {fileID: 0}
  m_PrefabInstance: {fileID: 0}
  m_PrefabAsset: {fileID: 0}
  m_GameObject: {fileID: 8372344998947542478}
  m_Enabled: 1
  m_EditorHideFlags: 0
  m_Script: {fileID: 1361866905, guid: 661092b4961be7145bfbe56e1e62337b, type: 3}
  m_Name: 
  m_EditorClassIdentifier: 
  videoPlayer: {fileID: 7883230965229853846}
  mode: 3
--- !u!82 &469022161615161473
AudioSource:
  m_ObjectHideFlags: 0
  m_CorrespondingSourceObject: {fileID: 0}
  m_PrefabInstance: {fileID: 0}
  m_PrefabAsset: {fileID: 0}
  m_GameObject: {fileID: 8372344998947542478}
  m_Enabled: 1
  serializedVersion: 4
  OutputAudioMixerGroup: {fileID: 0}
  m_audioClip: {fileID: 0}
  m_PlayOnAwake: 1
  m_Volume: 1
  m_Pitch: 1
  Loop: 0
  Mute: 0
  Spatialize: 0
  SpatializePostEffects: 0
  Priority: 128
  DopplerLevel: 0
  MinDistance: 0.4734173
  MaxDistance: 6.5
  Pan2D: 0
  rolloffMode: 2
  BypassEffects: 0
  BypassListenerEffects: 0
  BypassReverbZones: 0
  rolloffCustomCurve:
    serializedVersion: 2
    m_Curve:
    - serializedVersion: 3
      time: 0
      value: 1
      inSlope: 0
      outSlope: 0
      tangentMode: 0
      weightedMode: 0
      inWeight: 0.33333334
      outWeight: 0.33333334
    - serializedVersion: 3
      time: 0.69646186
      value: 0.49618387
      inSlope: -2.0728443
      outSlope: -2.0728443
      tangentMode: 0
      weightedMode: 0
      inWeight: 0.041733496
      outWeight: 0.17920901
    - serializedVersion: 3
      time: 0.85173845
      value: 0.10109827
      inSlope: -1.4955534
      outSlope: -1.4955534
      tangentMode: 0
      weightedMode: 0
      inWeight: 0.56713176
      outWeight: 0.5719908
    - serializedVersion: 3
      time: 1
      value: 0
      inSlope: -0.27076796
      outSlope: -0.27076796
      tangentMode: 0
      weightedMode: 0
      inWeight: 0.56083983
      outWeight: 0.33333334
    m_PreInfinity: 2
    m_PostInfinity: 2
    m_RotationOrder: 4
  panLevelCustomCurve:
    serializedVersion: 2
    m_Curve:
    - serializedVersion: 3
      time: 0
      value: 0
      inSlope: 0
      outSlope: 0
      tangentMode: 0
      weightedMode: 0
      inWeight: 0.33333334
      outWeight: 0.33333334
    m_PreInfinity: 2
    m_PostInfinity: 2
    m_RotationOrder: 4
  spreadCustomCurve:
    serializedVersion: 2
    m_Curve:
    - serializedVersion: 3
      time: 0
      value: 1
      inSlope: 0
      outSlope: 0
      tangentMode: 0
      weightedMode: 0
      inWeight: 0.33333334
      outWeight: 0.33333334
    m_PreInfinity: 2
    m_PostInfinity: 2
    m_RotationOrder: 4
  reverbZoneMixCustomCurve:
    serializedVersion: 2
    m_Curve:
    - serializedVersion: 3
      time: 0
      value: 0.5
      inSlope: 0
      outSlope: 0
      tangentMode: 0
      weightedMode: 0
      inWeight: 0.33333334
      outWeight: 0.33333334
    m_PreInfinity: 2
    m_PostInfinity: 2
    m_RotationOrder: 4
--- !u!1001 &2651335527880943058
PrefabInstance:
  m_ObjectHideFlags: 0
  serializedVersion: 2
  m_Modification:
    serializedVersion: 3
    m_TransformParent: {fileID: 1104319882545186771}
    m_Modifications:
    - target: {fileID: 967883728566144968, guid: 3ca39f9a0dfae4c43a907da3ac538e9f,
        type: 3}
      propertyPath: m_AnchorMax.x
      value: 0
      objectReference: {fileID: 0}
    - target: {fileID: 967883728566144968, guid: 3ca39f9a0dfae4c43a907da3ac538e9f,
        type: 3}
      propertyPath: m_AnchorMax.y
      value: 0
      objectReference: {fileID: 0}
    - target: {fileID: 967883728976849898, guid: 3ca39f9a0dfae4c43a907da3ac538e9f,
        type: 3}
      propertyPath: m_RootOrder
      value: 0
      objectReference: {fileID: 0}
    - target: {fileID: 967883729065572210, guid: 3ca39f9a0dfae4c43a907da3ac538e9f,
        type: 3}
      propertyPath: m_OnValueChanged.m_PersistentCalls.m_Calls.Array.data[0].m_TargetAssemblyTypeName
      value: VRC.Udon.UdonBehaviour, VRC.Udon
      objectReference: {fileID: 0}
    - target: {fileID: 967883729822503697, guid: 3ca39f9a0dfae4c43a907da3ac538e9f,
        type: 3}
      propertyPath: m_Name
      value: MediaControls V2 (Cyberpunk)
      objectReference: {fileID: 0}
    - target: {fileID: 967883729822503698, guid: 3ca39f9a0dfae4c43a907da3ac538e9f,
        type: 3}
      propertyPath: m_Pivot.x
      value: 0.5
      objectReference: {fileID: 0}
    - target: {fileID: 967883729822503698, guid: 3ca39f9a0dfae4c43a907da3ac538e9f,
        type: 3}
      propertyPath: m_Pivot.y
      value: 0
      objectReference: {fileID: 0}
    - target: {fileID: 967883729822503698, guid: 3ca39f9a0dfae4c43a907da3ac538e9f,
        type: 3}
      propertyPath: m_RootOrder
      value: 2
      objectReference: {fileID: 0}
    - target: {fileID: 967883729822503698, guid: 3ca39f9a0dfae4c43a907da3ac538e9f,
        type: 3}
      propertyPath: m_AnchorMax.x
      value: 0
      objectReference: {fileID: 0}
    - target: {fileID: 967883729822503698, guid: 3ca39f9a0dfae4c43a907da3ac538e9f,
        type: 3}
      propertyPath: m_AnchorMax.y
      value: 0
      objectReference: {fileID: 0}
    - target: {fileID: 967883729822503698, guid: 3ca39f9a0dfae4c43a907da3ac538e9f,
        type: 3}
      propertyPath: m_AnchorMin.x
      value: 0
      objectReference: {fileID: 0}
    - target: {fileID: 967883729822503698, guid: 3ca39f9a0dfae4c43a907da3ac538e9f,
        type: 3}
      propertyPath: m_AnchorMin.y
      value: 0
      objectReference: {fileID: 0}
    - target: {fileID: 967883729822503698, guid: 3ca39f9a0dfae4c43a907da3ac538e9f,
        type: 3}
      propertyPath: m_SizeDelta.x
      value: 650
      objectReference: {fileID: 0}
    - target: {fileID: 967883729822503698, guid: 3ca39f9a0dfae4c43a907da3ac538e9f,
        type: 3}
      propertyPath: m_SizeDelta.y
      value: 50
      objectReference: {fileID: 0}
    - target: {fileID: 967883729822503698, guid: 3ca39f9a0dfae4c43a907da3ac538e9f,
        type: 3}
      propertyPath: m_LocalPosition.x
      value: 0
      objectReference: {fileID: 0}
    - target: {fileID: 967883729822503698, guid: 3ca39f9a0dfae4c43a907da3ac538e9f,
        type: 3}
      propertyPath: m_LocalPosition.y
      value: 0
      objectReference: {fileID: 0}
    - target: {fileID: 967883729822503698, guid: 3ca39f9a0dfae4c43a907da3ac538e9f,
        type: 3}
      propertyPath: m_LocalPosition.z
      value: -0.01
      objectReference: {fileID: 0}
    - target: {fileID: 967883729822503698, guid: 3ca39f9a0dfae4c43a907da3ac538e9f,
        type: 3}
      propertyPath: m_LocalRotation.w
      value: 1
      objectReference: {fileID: 0}
    - target: {fileID: 967883729822503698, guid: 3ca39f9a0dfae4c43a907da3ac538e9f,
        type: 3}
      propertyPath: m_LocalRotation.x
      value: -0
      objectReference: {fileID: 0}
    - target: {fileID: 967883729822503698, guid: 3ca39f9a0dfae4c43a907da3ac538e9f,
        type: 3}
      propertyPath: m_LocalRotation.y
      value: -0
      objectReference: {fileID: 0}
    - target: {fileID: 967883729822503698, guid: 3ca39f9a0dfae4c43a907da3ac538e9f,
        type: 3}
      propertyPath: m_LocalRotation.z
      value: -0
      objectReference: {fileID: 0}
    - target: {fileID: 967883729822503698, guid: 3ca39f9a0dfae4c43a907da3ac538e9f,
        type: 3}
      propertyPath: m_AnchoredPosition.x
      value: 0
      objectReference: {fileID: 0}
    - target: {fileID: 967883729822503698, guid: 3ca39f9a0dfae4c43a907da3ac538e9f,
        type: 3}
      propertyPath: m_AnchoredPosition.y
      value: 0.025
      objectReference: {fileID: 0}
    - target: {fileID: 967883729822503698, guid: 3ca39f9a0dfae4c43a907da3ac538e9f,
        type: 3}
      propertyPath: m_LocalEulerAnglesHint.x
      value: 0
      objectReference: {fileID: 0}
    - target: {fileID: 967883729822503698, guid: 3ca39f9a0dfae4c43a907da3ac538e9f,
        type: 3}
      propertyPath: m_LocalEulerAnglesHint.y
      value: 0
      objectReference: {fileID: 0}
    - target: {fileID: 967883729822503698, guid: 3ca39f9a0dfae4c43a907da3ac538e9f,
        type: 3}
      propertyPath: m_LocalEulerAnglesHint.z
      value: 0
      objectReference: {fileID: 0}
    - target: {fileID: 967883729822503699, guid: 3ca39f9a0dfae4c43a907da3ac538e9f,
        type: 3}
      propertyPath: serializedProgramAsset
      value: 
      objectReference: {fileID: 11400000, guid: ce951b64caf97a8458d2cc267a4347ad,
        type: 2}
    - target: {fileID: 967883730272567374, guid: 3ca39f9a0dfae4c43a907da3ac538e9f,
        type: 3}
      propertyPath: m_AnchorMax.y
      value: 0
      objectReference: {fileID: 0}
    - target: {fileID: 967883730370889937, guid: 3ca39f9a0dfae4c43a907da3ac538e9f,
        type: 3}
      propertyPath: m_AnchorMax.y
      value: 0
      objectReference: {fileID: 0}
    - target: {fileID: 967883730485497310, guid: 3ca39f9a0dfae4c43a907da3ac538e9f,
        type: 3}
      propertyPath: m_OnValueChanged.m_PersistentCalls.m_Calls.Array.data[0].m_TargetAssemblyTypeName
      value: VRC.Udon.UdonBehaviour, VRC.Udon
      objectReference: {fileID: 0}
    - target: {fileID: 1000604206506943478, guid: 3ca39f9a0dfae4c43a907da3ac538e9f,
        type: 3}
      propertyPath: m_RootOrder
      value: 2
      objectReference: {fileID: 0}
    - target: {fileID: 6228704489227643799, guid: 3ca39f9a0dfae4c43a907da3ac538e9f,
        type: 3}
      propertyPath: onValueChanged.m_PersistentCalls.m_Calls.Array.data[0].m_TargetAssemblyTypeName
      value: UnityEngine.GameObject, UnityEngine
      objectReference: {fileID: 0}
    - target: {fileID: 6396201719671285699, guid: 3ca39f9a0dfae4c43a907da3ac538e9f,
        type: 3}
      propertyPath: serializationData.Prefab
      value: 
      objectReference: {fileID: 6396201719671285699, guid: 3ca39f9a0dfae4c43a907da3ac538e9f,
        type: 3}
    - target: {fileID: 7001883886110533524, guid: 3ca39f9a0dfae4c43a907da3ac538e9f,
        type: 3}
      propertyPath: m_RootOrder
      value: 1
      objectReference: {fileID: 0}
    - target: {fileID: 8011735488172100771, guid: 3ca39f9a0dfae4c43a907da3ac538e9f,
        type: 3}
      propertyPath: tv
      value: 
      objectReference: {fileID: 3471439023452310761}
    - target: {fileID: 8011735488172100771, guid: 3ca39f9a0dfae4c43a907da3ac538e9f,
        type: 3}
      propertyPath: serializationData.Prefab
      value: 
      objectReference: {fileID: 8011735488172100771, guid: 3ca39f9a0dfae4c43a907da3ac538e9f,
        type: 3}
    - target: {fileID: 9188447624789040331, guid: 3ca39f9a0dfae4c43a907da3ac538e9f,
        type: 3}
      propertyPath: m_AnchorMax.x
      value: 0
      objectReference: {fileID: 0}
    - target: {fileID: 9188447624789040331, guid: 3ca39f9a0dfae4c43a907da3ac538e9f,
        type: 3}
      propertyPath: m_AnchorMax.y
      value: 0
      objectReference: {fileID: 0}
    - target: {fileID: 9188447624789040331, guid: 3ca39f9a0dfae4c43a907da3ac538e9f,
        type: 3}
      propertyPath: m_AnchorMin.x
      value: 0
      objectReference: {fileID: 0}
    m_RemovedComponents: []
    m_RemovedGameObjects: []
    m_AddedGameObjects: []
    m_AddedComponents: []
  m_SourcePrefab: {fileID: 100100000, guid: 3ca39f9a0dfae4c43a907da3ac538e9f, type: 3}
--- !u!224 &3001071369896343232 stripped
RectTransform:
  m_CorrespondingSourceObject: {fileID: 967883729822503698, guid: 3ca39f9a0dfae4c43a907da3ac538e9f,
    type: 3}
  m_PrefabInstance: {fileID: 2651335527880943058}
  m_PrefabAsset: {fileID: 0}
